2033 3242
150 1667 358 1693 Confirmation

150 1702 190 1733 by
203 1701 253 1726 the
268 1702 350 1726 Prior

382 249 464 286 220
818 257 1131 287 CARTULARIUM
1152 257 1459 287 RIEVALLENSE.

381 362 540 403 Gratiae
561 362 613 403 de
634 362 878 415 Bordelby,1
901 361 1094 415 praedicti
1116 361 1260 402 Abbas
1282 367 1325 402 et
1353 362 1602 403 Conventus
1633 366 1676 403 et
1706 361 1901 415 praedicti

381 421 500 461 Prior
521 424 564 461 et
586 420 833 461 Conventus
847 419 1132 460 amicabiliter
1148 420 1391 460 concordati
1413 426 1514 461 sunt
1525 421 1571 460 in
1585 420 1701 461 hunc
1721 420 1899 460 modum

379 478 576 527 —videl.,
597 478 712 532 quod
733 477 963 531 praedictus
980 478 1128 518 Abbas
1146 481 1188 518 et
1210 477 1458 518 Conventus
1476 478 1681 519 Rievallis
1703 478 1899 518 relaxent

379 550 454 589 pro
496 550 541 576 se
577 540 620 576 et
660 535 974 576 successoribus
1015 535 1102 575 suis
1144 535 1359 588 praedictis
1399 536 1535 576 Priori
1575 541 1618 576 et
1655 536 1900 577 Conventui

378 595 545 634 Domus
578 593 740 633 Montis
763 593 924 633 Gratiae
945 597 988 634 et
1010 594 1323 634 successoribus
1355 594 1443 634 suis
1474 598 1616 634 totum
1642 594 1714 647 jus
1745 598 1789 635 et
1819 593 1900 634 cla-

378 652 514 692 mium
536 651 650 704 quod
681 651 842 691 habent
862 650 933 692 vel
957 651 1112 692 habere
1144 654 1347 705 poterunt
1367 651 1413 691 in
1444 652 1639 692 futurum
1660 653 1706 692 in
1739 651 1828 692 solo
1858 655 1900 692 et

378 710 622 750 communia
657 714 844 762 pasturae
880 709 933 749 de
969 709 1185 762 Bordelby
1206 709 1421 762 praedicta,
1442 710 1608 751 ratione
1645 709 1900 750 communiae

376 767 591 820 praedictae
612 780 687 820 pro
714 780 799 820 qua
830 767 1005 820 quidem
1035 767 1298 808 relaxatione
1327 767 1521 821 praedicti
1557 768 1678 808 Prior
1713 771 1756 808 et
1788 767 1900 809 Con-

376 829 544 874 ventus,
576 829 618 865 et
649 838 911 866 successores
943 825 1022 877 sui,
1055 825 1226 866 solvent
1255 826 1481 866 annuatim
1510 825 1712 879 praedicto
1734 825 1899 866 Abbati

376 888 419 924 et
453 882 696 924 Conventui
724 887 766 923 et
795 897 942 923 eorum
974 883 1288 924 successoribus
1319 883 1365 923 in
1387 888 1642 937 perpetuum
1662 884 1900 925 octodecim

377 941 570 981 denarios
613 941 666 981 ad
703 941 862 982 festum
903 941 1208 982 Pentecostes.2
1287 941 1344 981 Et
1377 942 1414 982 si
1444 942 1673 994 praedictus
1704 942 1897 982 redditus

375 999 611 1039 octodecim
628 999 900 1040 denariorum
917 1013 941 1040 a
962 1003 1073 1040 retro
1090 1000 1220 1040 fuerit
1241 999 1286 1039 in
1303 999 1449 1052 aliquo
1466 1013 1577 1040 anno
1595 1000 1648 1040 ad
1664 1000 1898 1040 terminum

374 1057 630 1110 praedictum
653 1058 941 1107 Pentecostes,
964 1058 1078 1111 quod
1100 1063 1205 1098 tunc
1227 1057 1334 1098 bene
1362 1057 1490 1098 liceat
1510 1057 1713 1111 praedicto
1735 1057 1898 1098 Abbati

376 1120 418 1155 et
451 1115 695 1156 Conventui
726 1115 944 1165 Rievallis,
968 1121 1011 1156 et
1042 1129 1188 1156 eorum
1219 1116 1546 1164 successoribus,
1566 1116 1613 1155 in
1634 1115 1824 1156 dominio
1846 1115 1898 1156 de

376 1173 590 1226 Bordelby
613 1173 868 1227 distringere
900 1179 943 1214 et
974 1174 1262 1215 districtiones
1294 1173 1477 1214 retinere
1498 1187 1722 1227 quousque
1755 1173 1814 1214 eis
1847 1173 1898 1214 de

374 1232 579 1284 praedicto
592 1229 608 1254 ³
624 1231 806 1280 redditu,
824 1235 866 1272 et
887 1232 939 1273 de
957 1232 1191 1286 arreragiis,
1207 1232 1244 1272 si
1261 1245 1356 1285 quae
1370 1232 1545 1281 fuerint,
1561 1231 1751 1285 plenarie
1768 1232 1900 1272 fuerit

375 1290 656 1330 satisfactum.
709 1290 763 1330 In
780 1290 902 1343 cujus
919 1290 979 1331 rei
996 1291 1292 1331 testimonium
1314 1294 1456 1343 partes
1473 1290 1688 1343 praedictae
1704 1289 1898 1343 partibus

374 1347 526 1387 harum
558 1347 884 1388 indenturarum
915 1348 1056 1402 sigilla
1084 1348 1329 1389 communia
1360 1348 1598 1388 Domorum
1629 1361 1803 1388 suarum
1824 1361 1899 1401 ap-

375 1410 621 1458 posuerunt.
684 1406 848 1446 Datum
865 1407 979 1459 apud
1001 1407 1240 1447 Rievallem
1258 1406 1461 1447 vicesimo
1483 1409 1635 1460 quarto
1657 1405 1726 1446 die
1747 1405 1900 1446 Martii

374 1463 435 1503 Α0
456 1463 575 1517 regni
606 1464 732 1517 Regis
764 1464 944 1505 Henrici
966 1465 1109 1518 quarti
1140 1468 1238 1518 post
1269 1464 1566 1518 Conquestum
1587 1463 1757 1518 Angliae
1777 1467 1899 1505 sexto

438 1662 668 1703 CCCXIV.
694 1662 783 1716 [vii.
811 1662 909 1716 134]
935 1662 1160 1712 Radulfus‚
1183 1662 1315 1712 Prior,
1338 1667 1381 1703 et
1412 1663 1661 1704 Conventus
1692 1662 1894 1704 Dunelm.

151 1735 209 1761 and
223 1735 351 1767 Chapter
380 1720 582 1761 Ecclesiae
595 1721 610 1744 4
633 1754 640 1761 .
663 1753 670 1761 .
696 1754 703 1762 .
728 1721 910 1761 Noverit
926 1721 1184 1762 universitas
1202 1726 1345 1761 vestra
1361 1734 1438 1761 nos
1459 1725 1597 1761 ratam
1618 1721 1774 1762 habere
1796 1734 1896 1762 con-

150 1770 182 1794 of
193 1769 323 1794 Durham
333 1769 365 1794 of

149 1803 350 1834 fflmBsshOffS
380 1778 615 1819 cessionem
651 1783 694 1819 et
727 1779 1095 1820 confirmationem
1131 1792 1262 1832 quam
1297 1779 1569 1819 Venerabilis
1600 1783 1723 1832 pater
1753 1782 1897 1820 noster

150 1837 248 1862 action
261 1837 290 1861 in
311 1837 361 1862 the

151 1871 259 1896 matter
272 1871 304 1895 of

149 1905 285 1936 Grossby‚

150 1938 265 1970 cotum,
281 1938 336 1964 etc.

380 1836 640 1890 R[icardus]‚
653 1836 854 1878 Dunelm.
873 1837 1121 1890 Episcopus,
1137 1836 1317 1877 Domini
1333 1837 1461 1890 Regis
1477 1836 1778 1886 Cancellarius,
1794 1837 1898 1878 fecit

379 1895 541 1935 Abbati
558 1894 765 1935 Rievallis
787 1895 839 1935 de
858 1895 1053 1936 Crossebi
1074 1895 1120 1935 in
1134 1895 1471 1943 Alvertonshire,
1489 1908 1588 1935 cum
1608 1894 1898 1947 pertinenciiS,

377 1953 424 1992 in
446 1966 531 2006 qua
552 1957 654 1993 sunt
675 1957 761 1994 tres
783 1957 990 1994 carucatae
1011 1958 1146 2001 terrae,
1167 1957 1209 1993 et
1230 1953 1282 1993 de
1304 1957 1395 1993 tota
1417 1953 1601 1994 Cottona
1622 1953 1668 1992 in
1689 1966 1774 2006 qua
1796 1958 1898 1994 sunt

378 2010 473 2051 aliae
504 2016 589 2051 tres
622 2015 828 2051 carucatae
850 2016 984 2061 terrae,
1018 2015 1061 2052 et
1082 2011 1133 2052 de
1156 2015 1340 2065 quatuor
1359 2010 1467 2051 acris
1500 2015 1543 2051 et
1573 2024 1660 2050 una
1690 2011 1899 2064 perticata

377 2072 498 2109 terrae
519 2069 565 2108 in
588 2069 842 2118 Tornetune,
859 2073 982 2110 terrae
999 2069 1182 2118 arabilis,
1197 2082 1295 2109 cum
1310 2069 1509 2109 omnibus
1527 2068 1803 2121 pertinenciis
1825 2101 1834 2110 .
1857 2102 1865 2109 .
1888 2102 1896 2109 .

376 2132 554 2179 excepto
583 2132 704 2180 prato
735 2127 949 2168 dominico
986 2127 1038 2168 de
1075 2127 1295 2178 Crossebi3
1326 2126 1441 2180 quod
1471 2126 1741 2167 Venerabilis
1777 2130 1900 2181 pater

377 2188 522 2224 noster
542 2184 588 2224 in
610 2198 740 2226 manu
762 2199 839 2226 sua
860 2185 1049 2226 retinuit.
1112 2185 1238 2225 Hanc
1261 2190 1406 2225 autem
1438 2184 1806 2225 confirmationem
1836 2184 1898 2226 eis

377 2242 556 2282 fecimus
589 2242 706 2283 salvo
733 2244 830 2296 jure
862 2243 1051 2284 ecclesiae
1074 2249 1231 2284 nostrae
1253 2243 1304 2284 de
1326 2243 1549 2292 Alverton,
1571 2246 1615 2283 et
1635 2242 1823 2283 ecclesiae
1845 2242 1897 2283 de

378 2299 472 2348 Lec,
504 2299 621 2340 salvo
648 2301 745 2353 jure
776 2334 783 2342 .
816 2334 824 2341 .
858 2301 885 2342 .⁵
917 2302 974 2341 Et
994 2302 1039 2341 in
1062 2301 1191 2354 hujus
1214 2301 1275 2341 rei
1296 2300 1594 2341 testimonium
1616 2300 1717 2341 huic
1738 2300 1897 2354 scripto

377 2357 569 2411 sigillum
593 2358 782 2411 Capituli
803 2360 939 2400 nostri
960 2360 1250 2413 apposuimus.

421 2489 433 2508 1
457 2489 493 2521 It
516 2490 591 2521 will
613 2490 656 2521 be
683 2491 923 2523 remembered
951 2491 1033 2523 that
1060 2492 1096 2523 in

377 2533 444 2566 No.
464 2542 674 2565 CCLXXXVII.
695 2535 765 2566 and
789 2535 969 2577 following
990 2535 1097 2566 deeds

377 2587 436 2608 are
462 2577 596 2609 notices
623 2577 658 2608 of
688 2579 882 2609 successive
911 2582 1034 2620 grants
1061 2578 1097 2609 in

378 2620 531 2661 Harlsey
547 2620 617 2652 and
634 2621 822 2662 Bordelby‚
844 2622 945 2653 made
962 2625 999 2653 to
1016 2622 1096 2653 Rie-

1174 2490 1368 2522 numbered
1415 2500 1532 2528 CCXL„
1582 2491 1680 2528 with,
1721 2490 1895 2529 however,

1175 2545 1269 2565 some
1297 2534 1492 2565 variations
1520 2535 1557 2565 in
1585 2534 1645 2566 the
1673 2533 1802 2575 sequel.
1861 2533 1898 2565 It

1174 2577 1248 2609 will
1278 2577 1321 2608 be
1352 2577 1524 2609 observed
1553 2577 1627 2608 also
1658 2577 1739 2608 that
1769 2577 1806 2609 in
1836 2577 1898 2608 the

1174 2624 1318 2662 present
1334 2620 1523 2652 document
1539 2620 1671 2662 Bishop
1688 2619 1844 2652 Richard
1868 2621 1898 2652 is

378 2664 485 2695 vaulx
512 2664 559 2705 by
587 2663 751 2696 different
777 2665 949 2696 members
973 2665 1009 2696 of
1036 2665 1097 2696 the

379 2707 532 2738 Lascells
561 2706 696 2748 family,
726 2708 796 2739 and
823 2708 904 2740 that
928 2709 988 2740 the
1013 2708 1096 2739 last-

379 2750 504 2781 named
542 2750 606 2781 vill
635 2750 818 2782 furnished
849 2752 910 2783 the
941 2752 1008 2783 site
1044 2751 1098 2783 for

380 2793 508 2825 Mount
524 2793 645 2826 Gracc.

423 2836 436 2855 ²
458 2837 683 2869 Pentecosten.

422 2879 435 2899 ³
458 2880 649 2913 Praedictis.

423 2922 436 2941 ⁴¹
460 2923 544 2955 This
571 2924 600 2955 is
627 2935 647 2955 a
675 2923 809 2956 similar
836 2923 924 2955 deed
952 2927 989 2956 to
1018 2924 1099 2955 that

1174 2664 1313 2703 named,
1344 2664 1501 2695 whereas
1528 2664 1565 2695 in
1589 2663 1655 2696 No.
1683 2672 1783 2696 CCXL.
1812 2663 1842 2695 it
1866 2663 1896 2695 is

1175 2707 1307 2748 Bishop
1333 2706 1453 2748 Hugh,
1472 2707 1543 2738 and
1566 2707 1654 2738 with
1677 2717 1698 2738 a
1720 2706 1897 2738 reference

1176 2754 1213 2782 to
1244 2751 1304 2782 the
1331 2751 1449 2781 action
1473 2750 1509 2781 of
1538 2761 1582 2781 an
1609 2750 1735 2781 earlier
1765 2750 1897 2791 Bishop

1175 2794 1260 2825 still.
1310 2793 1373 2825 See
1412 2793 1479 2843 No.
1513 2802 1686 2849 (1661111ιῇἾ
1720 2793 1836 2825 which
1867 2793 1896 2825 is

1175 2836 1493 2921 ΟΟΕΥΤἘΞἮΞΞἍΞ
1503 2837 1663 2911 111ιέῗὲἳέ
1678 2836 1896 2921 ξῖἰῗῖἔῗὶὶεὲ-

1176 2924 1259 2956 ible.
