2033 3242
171 355 298 382 Enrther

173 388 260 422 grant
277 388 308 413 to
320 386 372 412 the

175 429 254 449 same
270 422 310 453 by
321 421 373 446 the

176 463 254 483 same
267 455 367 481 Donor

176 491 209 517 of
219 490 330 516 certain

175 524 262 550 lands

176 556 339 590 (specified)

178 592 209 617 in
222 591 357 621 Nawton,

177 625 312 657 together

179 659 251 685 with
264 665 281 683 a

178 691 304 718 renewal
318 691 349 716 of

179 726 230 752 the
242 726 328 758 grant

179 759 262 785 made
275 759 305 784 in
317 758 368 784 the

177 794 237 819 last
249 792 330 818 deed.

397 232 448 268 22
456 231 480 268 4
833 235 1147 266 CARTULARIUM
1168 235 1474 266 RIEVALLENSE.

459 343 695 384 CCCXIX.
730 342 818 396 [vii.
846 341 943 394 138]
976 375 983 381 .
1019 374 1025 380 .
1060 374 1067 380 .
1101 341 1130 381 J
1135 340 1325 381 ohannes
1347 340 1400 381 de
1422 340 1577 394 Eyvile
1599 373 1606 381 .
1630 372 1638 380 .
1662 373 1670 380 .
1693 339 1915 380 Noveritis

400 415 468 442 me
491 401 669 449 dedisse,
690 399 914 448 remisisse,
936 399 1131 452 quietum
1153 398 1368 446 clamasse,
1391 402 1434 439 et
1463 399 1543 439 hac
1574 398 1776 452 praesenti
1797 401 1914 438 carta

401 473 508 508 mea,
524 459 570 499 in
591 458 767 499 modum
781 456 1032 511 cyrographi
1047 455 1251 505 confecta,
1267 456 1540 497 confirmasse
1571 490 1578 497 .
1612 489 1620 498 .
1653 490 1660 497 .
1694 456 1739 496 B.
1761 455 1914 496 Mariae

403 516 624 571 Ryevallis
646 520 689 556 et
709 515 872 556 Abbati
899 519 941 555 et
962 513 1194 562 monachis,
1215 514 1261 553 in
1290 513 1578 563 elemosinam,
1599 518 1740 555 totum
1767 515 1840 567 jus
1871 518 1915 554 et

404 575 619 623 clamium‚
637 575 728 614 sine
745 573 890 626 aliquo
906 576 1211 621 retenemento,
1225 571 1337 625 quod
1353 572 1500 623 habeo,
1517 573 1586 613 vel
1602 572 1758 613 habere
1779 571 1915 625 potui,

403 633 473 674 vel
489 632 677 672 haeredes
695 631 780 671 mei
801 631 847 671 in
863 634 1120 684 perpetuum
1137 629 1294 670 habere
1310 634 1526 683 poterunt,
1542 631 1587 671 in
1604 631 1743 671 tribus
1757 631 1771 655 ¹
1793 643 1913 671 caru-

404 691 509 732 catis
530 695 654 730 terrae
675 689 728 730 de
748 688 872 729 feodo
902 702 997 728 meo
1030 702 1128 728 cum
1159 688 1356 728 omnibus
1377 688 1653 741 pertinenciis
1685 688 1785 737 suis,
1808 701 1914 742 quas

404 748 634 802 subscripti
677 747 872 787 homines
912 746 998 787 mei
1039 746 1091 786 de
1132 759 1200 785 me
1241 750 1475 786 tenuerunt
1514 747 1559 786 in
1600 746 1774 795 Nalton,
1815 759 1915 786 cum

403 807 613 860 homagiis
635 809 678 846 et
699 805 898 853 servitiis,
920 804 1074 845 wardis
1096 808 1139 844 et
1159 803 1343 852 releviis,
1364 804 1599 858 maritagiis
1631 810 1674 845 et
1705 804 1914 845 eschaetis

403 864 741 918 subscriptorum
761 863 985 903 hominum
1015 866 1059 902 et
1078 862 1296 902 haeredum
1319 863 1652 912 suorum—scil„
1673 866 1815 903 totum
1842 863 1915 916 jus

403 926 447 964 et
477 923 689 963 clameum
711 921 825 975 quod
847 921 979 961 habui
1000 920 1069 960 vel
1093 920 1250 960 habere
1281 920 1403 973 potui
1433 920 1479 960 in
1510 921 1688 961 dimidia
1719 924 1917 961 carucata

402 985 524 1022 terrae
547 1014 554 1021 .
578 1013 585 1020 .
609 1014 617 1021 .
641 993 770 1033 quam
794 979 956 1032 Symon
976 978 1130 1018 Wittie
1153 977 1205 1018 de
1225 991 1294 1018 me
1315 977 1457 1018 tenuit
1487 977 1534 1018 in
1565 979 1713 1019 eadem
1734 978 1851 1027 villa,
1873 982 1917 1019 et

402 1043 542 1079 totum
560 1039 632 1091 jus
655 1042 697 1078 et
720 1037 923 1078 clamium
946 1036 1060 1090 quod
1081 1035 1226 1085 habui,
1248 1036 1317 1076 vel
1338 1036 1492 1076 habere
1514 1037 1646 1090 potui,
1667 1037 1713 1076 in
1735 1036 1916 1077 dimidia

402 1097 608 1137 karucata
638 1100 772 1143 terrae,
795 1109 924 1149 quam
957 1095 1167 1135 Robertus
1189 1094 1240 1135 de
1265 1094 1511 1148 Corneburg
1533 1094 1585 1135 de
1613 1108 1680 1134 me
1702 1095 1844 1135 tenuit
1868 1094 1915 1134 in

403 1155 551 1196 eadem
573 1154 689 1203 villa,
713 1158 756 1194 et
778 1158 918 1194 totum
945 1153 1018 1206 jus
1050 1156 1140 1201 etc„
1161 1152 1208 1192 in
1238 1166 1325 1192 una
1347 1152 1527 1192 dimidia
1552 1156 1752 1193 carucata
1780 1155 1917 1202 terrae,

403 1227 533 1267 quam
564 1213 593 1254 J
597 1212 786 1253 ohannes
819 1211 1039 1252 Abraham
1061 1211 1113 1251 de
1135 1224 1203 1250 me
1233 1210 1388 1258 tenuit,
1411 1216 1454 1250 et
1484 1214 1625 1250 totum
1652 1211 1723 1264 jus
1756 1215 1847 1259 etc„
1868 1211 1916 1251 in

403 1285 489 1311 una
506 1271 662 1311 bovata
678 1274 812 1318 terrae,
835 1283 964 1323 quam
980 1269 1194 1310 Robertus
1210 1268 1385 1309 Burdon
1405 1268 1455 1309 de
1472 1282 1540 1308 me
1557 1269 1698 1309 tenuit
1715 1272 1759 1309 et
1774 1273 1916 1309 totum

399 1329 471 1382 jus
492 1329 535 1369 in
560 1329 726 1369 duabus
747 1327 914 1368 bovatis
931 1331 1054 1368 terrae
1075 1340 1181 1380 quas
1202 1327 1357 1366 Emma
1378 1326 1603 1367 Twaforan
1631 1326 1684 1367 de
1711 1326 1916 1380 praedicto

404 1387 526 1427 feodo
540 1400 635 1427 meo
649 1386 790 1427 tenuit
804 1386 849 1425 in
864 1385 1011 1426 eadem
1023 1384 1423 1425 villa—Habendas
1437 1388 1480 1425 et
1493 1384 1699 1425 tenendas
1713 1384 1917 1438 praedicto

403 1445 578 1494 Abbati,
610 1444 845 1484 Reddendo
876 1443 977 1484 inde
1008 1443 1142 1483 michi
1174 1447 1216 1483 et
1247 1443 1489 1483 haeredibus
1520 1443 1627 1483 meis
1663 1443 1918 1496 scutagium,

403 1503 575 1557 quando
608 1502 821 1551 acciderit,
843 1505 1055 1555 quantum
1076 1501 1264 1554 pertinet
1284 1501 1337 1541 ad
1359 1505 1531 1541 tantum
1552 1505 1850 1542 tenementum
1870 1501 1918 1541 in

403 1561 552 1602 eadem
567 1560 684 1609 villa,
701 1566 744 1601 et
764 1560 953 1600 Domino
970 1559 1076 1612 Regi
1098 1559 1321 1599 servitium
1344 1573 1482 1607 suum,
1498 1563 1710 1613 quantum
1730 1559 1920 1613 pertinet

403 1619 457 1659 ad
492 1619 607 1659 idem
641 1622 948 1659 tenementum.
1010 1617 1220 1657 Praeterea
1253 1617 1352 1657 dedi
1383 1622 1426 1658 et
1458 1617 1538 1657 hac
1568 1617 1770 1670 praesenti
1803 1622 1920 1658 carta

404 1690 499 1718 mea
531 1677 574 1717 in
609 1677 785 1717 modum
822 1675 1075 1729 cyrographi
1109 1675 1314 1723 confecta,
1347 1675 1607 1724 confirmavi,
1637 1689 1848 1716 consensu
1876 1679 1920 1716 et

404 1736 516 1776 bona
551 1734 777 1775 voluntate
812 1733 1048 1787 Dyonisiae‚
1081 1733 1231 1773 matris
1266 1746 1383 1783 meae,
1419 1733 1636 1786 praedictis
1676 1733 1840 1773 Abbati
1876 1736 1919 1774 et

404 1793 625 1834 monachis
648 1826 655 1833 .
690 1825 698 1833 .
730 1826 738 1833 .
763 1792 809 1832 in
831 1792 1119 1840 elemosinam,
1140 1791 1331 1844 quinque
1354 1791 1530 1831 bovatas
1552 1795 1685 1841 terrae,
1702 1791 1748 1831 in
1770 1790 1917 1832 eadem

405 1851 519 1899 villa,
537 1852 629 1891 sine
652 1850 796 1904 aliquo
810 1849 1258 1890 retenemento—illas
1280 1849 1367 1889 scil.
1391 1849 1582 1902 quinque
1600 1849 1775 1889 bovatas
1797 1853 1920 1890 terrae

405 1914 481 1950 etc.
502 1908 566 1964 [as
579 1910 628 1949 in
641 1909 720 1949 last
737 1906 852 1963 dead]
869 1907 1102 1948 Habendas
1124 1907 1339 1961 praedictis
1352 1907 1516 1947 Abbati
1537 1912 1579 1947 et
1593 1907 1825 1948 monachis.
1862 1907 1920 1947 Et

405 1981 480 2021 ego
503 1965 758 2023 [warranty]
780 1966 924 2007 onmia
954 1965 1157 2019 praedicta
1185 1966 1284 2019 jura
1312 1970 1354 2006 et
1385 1965 1538 2005 clamia
1560 1979 1655 2018 quae
1684 1965 1829 2014 habui,
1849 1964 1920 2005 vel

404 2025 559 2066 habere
580 2025 715 2079 potui,
735 2026 782 2065 in
804 2024 1022 2078 praedictis
1053 2023 1191 2064 tribus
1223 2024 1433 2064 carucatis
1455 2028 1590 2071 terrae,
1610 2037 1686 2077 per
1716 2023 1918 2077 praedicta

405 2083 590 2132 servitia,
612 2088 655 2123 et
676 2083 899 2136 praedictas
922 2082 1112 2135 quinque
1132 2081 1309 2122 bovatas
1331 2085 1466 2130 terrae,
1486 2081 1533 2121 in
1554 2081 1746 2130 liberam,
1767 2095 1920 2134 puram

405 2145 448 2182 et
483 2146 736 2195 perpetuam
770 2140 1059 2189 elemosinam,
1092 2153 1167 2193 per
1208 2139 1362 2188 omnia,
1396 2139 1507 2180 sicut
1548 2139 1802 2193 praedictum
1843 2144 1920 2188 est,

405 2204 553 2240 contra
585 2213 731 2240 omnes
762 2199 969 2247 homines,
1002 2197 1270 2239 Christianos
1305 2202 1347 2238 et
1378 2197 1566 2246 Judaeos,
1587 2198 1633 2237 in
1664 2201 1921 2251 perpetuum

405 2257 534 2298 —Ita
565 2257 679 2311 quod
701 2271 779 2298 nec
801 2271 888 2311 ego,
910 2270 989 2297 nec
1010 2256 1199 2297 haeredes
1221 2255 1318 2304 mei,
1340 2269 1417 2296 nec
1440 2255 1596 2309 aliquis
1618 2269 1694 2309 per
1715 2269 1792 2296 nos
1813 2268 1920 2308 prae-

406 2316 521 2356 dicta
551 2319 796 2356 tenementa
818 2313 1105 2369 distringere2
1135 2347 1143 2355 .

405 2378 550 2414 tamen
593 2387 668 2426 per
709 2374 891 2427 alicujus
933 2373 1149 2414 defectum
1185 2385 1357 2412 necesse
1398 2372 1539 2413 fuerit.

1218 2347 1227 2354 .
1259 2313 1344 2354 nisi
1365 2317 1535 2354 tantun]
1560 2327 1636 2368 pro
1658 2313 1862 2367 scutagio,
1884 2313 1922 2354 si

1601 2372 1654 2411 In
1696 2373 1818 2425 cujus
1859 2370 1922 2412 rei

404 2431 701 2472 testimonium
742 2431 944 2485 praesenti
985 2437 1111 2471 cartae
1152 2430 1199 2470 in
1239 2430 1415 2470 modum
1457 2429 1676 2484 cyrograffi
1718 2429 1923 2470 confectae

405 2489 596 2544 sigillum
646 2503 791 2530 meum
842 2489 1031 2543 apposui.

446 2604 459 2625 1
482 2604 519 2636 It
549 2603 623 2635 will
653 2603 696 2634 be
727 2602 898 2634 observed
929 2603 1010 2634 that
1041 2602 1124 2644 only

404 2649 504 2681 three
528 2647 811 2684 half-carucates,
830 2646 918 2678 with
944 2647 1044 2679 three
1067 2646 1126 2677 bo-

405 2696 517 2731 vates,
537 2691 572 2722 in
597 2690 655 2728 all,
675 2701 733 2721 are
757 2689 933 2732 specffied,
955 2701 993 2721 or
1016 2700 1124 2721 some-

405 2736 508 2777 thing
529 2734 629 2766 short
653 2734 688 2765 οἱ
711 2745 731 2765 a
755 2733 846 2765 total
873 2733 909 2764 of
932 2736 1003 2764 two
1028 2744 1124 2764 caru-

406 2782 510 2811 cates.
576 2777 610 2810 If
650 2779 673 2793 “
688 2779 867 2808 carucatas
882 2777 899 2790 ”
931 2777 1046 2818 might
1084 2776 1126 2807 be

405 2823 488 2854 read
506 2820 642 2853 instead
656 2820 691 2852 of
711 2823 732 2836 ‘⁴
746 2820 903 2858 bovatas,
913 2820 930 2833 ’⁷
944 2820 1004 2851 the
1018 2830 1126 2861 quan-

405 2866 476 2908 tity
490 2864 653 2907 specified
666 2863 783 2896 would
800 2864 843 2895 be
868 2863 970 2894 made
986 2873 1045 2904 up,
1064 2862 1126 2894 the

406 2921 472 2942 one
491 2908 666 2950 objection
680 2910 718 2939 to
735 2907 816 2939 that
832 2907 937 2948 being
953 2906 1034 2938 that
1050 2906 1080 2938 it
1096 2906 1125 2938 is

1094 2488 1194 2529 Hiis

1246 2488 1288 2528 T.
1371 2488 1581 2541 Magistro
1633 2487 1819 2528 Roberto
1870 2486 1922 2527 de

1687 2603 1796 2633 “two
1833 2600 1921 2632 half-

1689 2647 1713 2661 “
1729 2655 1795 2676 one
1825 2655 1921 2676 caru-

1202 2601 1354 2633 unusual
1392 2604 1432 2634 to
1470 2601 1578 2644 speak
1610 2601 1646 2634 of

1203 2645 1414 2677 carucates’'
1445 2645 1583 2677 instead
1615 2644 1650 2677 of

1203 2689 1316 2720 cate.'’
1362 2689 1398 2720 It
1422 2689 1451 2720 is
1473 2689 1616 2720 evident
1632 2689 1720 2720 from
1737 2688 1798 2719 the
1814 2687 1924 2719 latter

1202 2735 1283 2774 part
1309 2731 1345 2763 of
1360 2732 1422 2764 the
1439 2732 1627 2764 document
1642 2732 1723 2763 that
1739 2731 1801 2762 the
1814 2742 1921 2773 quan—

1202 2777 1274 2817 tity
1306 2775 1475 2807 intended
1506 2776 1617 2816 really
1644 2775 1673 2806 is
1701 2775 1801 2806 three
1825 2785 1921 2806 caru-

1203 2822 1308 2851 cates.
1372 2819 1512 2851 Almost
1536 2818 1718 2859 certainly,
1744 2818 1919 2857 however,

1201 2873 1255 2895 we
1271 2862 1382 2904 ought
1397 2865 1434 2894 to
1450 2862 1534 2894 read
1555 2865 1576 2878 “
1588 2861 1805 2894 carucatas.”

1245 2905 1258 2924 ²
1280 2906 1314 2938 A
1330 2906 1438 2938 blank
1455 2906 1484 2938 is
1501 2905 1566 2938 left
1582 2905 1673 2937 here.
