2033 3242
820 300 1049 330 APPEme.
1610 292 1662 328 40
1671 292 1692 328 7

182 404 347 442 fuerunt
374 401 425 441 ad
458 402 780 453 respondendum
794 403 945 442 Abbati
962 403 1012 442 de
1032 403 1203 454 Ryvalle
1231 402 1280 440 de
1301 402 1446 453 placito
1470 415 1591 453 quare
1619 403 1695 453 ipsi

183 457 342 496 arbores
361 456 486 508 ipsius
505 457 685 505 Abbatis,
709 457 751 495 in
774 458 892 496 bosco
912 470 983 496 suo
1012 457 1060 495 de
1080 456 1320 507 Byldesdale
1342 461 1570 503 crescentes,
1594 456 1634 494 vi
1655 462 1695 494 et

183 510 303 549 armis
331 510 585 549 succiderunt
605 516 646 549 et
674 517 990 562 asportaverunt,
1022 516 1062 549 et
1091 511 1167 549 alia
1193 510 1370 549 enormia
1398 510 1434 548 ei
1462 509 1610 548 ibidem
1640 510 1695 547 in-

183 564 373 612 tulerunt,
405 564 455 602 ad
487 564 706 615 dampnum
734 565 857 616 ipsius
885 565 1056 604 Abbatis
1089 565 1225 603 decem
1252 564 1455 611 librarum,
1488 570 1528 602 et
1557 569 1695 602 contra

183 632 320 669 pacem
334 624 405 656 etc.
437 618 491 656 Et
505 618 611 656 unde
628 619 839 669 praedictus
855 619 1001 666 Abbas,
1018 632 1088 670 per
1107 624 1355 657 attornatum
1371 631 1496 664 suum,
1516 617 1696 668 queritur

183 672 291 723 quod
311 672 490 722 praedicti
510 672 625 710 Prior
644 678 685 711 et
714 672 791 720 alii,
813 673 877 711 die
898 672 1097 725 Sab[b]ati
1119 672 1346 724 proximum
1365 678 1456 722 post
1483 672 1631 709 festum
1653 670 1691 709 S.

184 725 405 778 Hyll[arii],
427 726 476 764 A.
492 725 540 764 D.
564 726 684 777 Regis
710 740 814 765 nunc
835 727 1015 777 septimo,
1037 727 1077 764 vi
1098 733 1138 765 et
1158 726 1287 773 armis,
1310 726 1397 773 viz„
1420 739 1509 764 cum
1539 724 1692 776 gladiis,

183 779 346 827 hachiis,
368 780 536 818 arcubus
565 785 606 818 et
634 781 802 831 sagittis,
825 785 1022 818 venerunt
1050 780 1101 818 ad
1129 780 1291 819 boscum
1311 779 1433 830 ipsius
1454 779 1624 817 Abbatis
1644 778 1693 816 de

183 833 454 885 Byldesdale,1
484 840 525 872 et
552 834 711 872 arbores
739 834 781 872 in
811 834 950 872 eodem
978 835 1095 873 bosco
1125 839 1343 872 crescentes
1373 833 1625 871 succiderunt
1655 839 1695 870 et

183 892 500 938 asportaverunt,
519 893 657 925 contra
668 902 802 939 pacem
821 894 913 926 etc.:
934 888 1040 926 unde
1056 888 1153 926 dicit
1166 888 1272 938 quod
1289 887 1552 926 (leterioratus
1574 891 1634 925 est
1654 893 1695 924 et

183 941 402 993 dampnum
433 941 555 979 habet
582 942 632 980 ad
662 942 882 980 valenciam
910 942 1046 980 decem
1079 942 1281 988 librarum,
1314 946 1354 980 et
1383 941 1476 979 inde
1509 940 1694 991 producit

184 1000 332 1034 sectam
354 1001 426 1033 etc.
485 995 538 1033 Et
558 995 674 1034 Prior
693 1001 734 1033 et
753 996 819 1034 alii
835 1009 906 1046 per
925 995 1184 1048 at[t]ornatos
1205 1009 1296 1033 suos
1316 995 1485 1033 veniunt
1505 1001 1545 1032 et
1560 994 1695 1032 defen-

183 1049 286 1088 dunt
301 1049 384 1087 vim
404 1055 444 1087 et
463 1049 663 1099 injuriam,
683 1049 842 1100 quando
863 1055 904 1088 et
923 1049 1113 1100 quicquid
1130 1055 1201 1088 etc.
1260 1049 1313 1087 Et
1328 1048 1468 1087 Frater
1487 1048 1514 1086 J
1517 1048 1694 1086 ohannes

183 1103 234 1142 (16
263 1103 462 1153 Elveleye,
484 1103 732 1141 Willelmus2
761 1103 810 1141 (16
839 1103 1108 1154 Aykesheved
1137 1103 1318 1154 Rogerus
1347 1102 1384 1140 al
1410 1102 1532 1149 Punt,
1554 1102 1691 1140 Simon

185 1157 288 1204 Stot,
309 1157 448 1196 Simon
469 1157 573 1195 filius
602 1157 751 1205 Aliciae,
775 1157 975 1195 walterus
1004 1156 1230 1207 At-ye-bck,
1254 1156 1470 1194 Nicholaus
1490 1156 1526 1194 le
1547 1156 1690 1206 Cuper,

188 1210 408 1249 Willelmus
439 1210 591 1261 Blayke
621 1211 669 1249 (16
704 1211 930 1258 Bradefeld,
961 1211 1061 1249 bene
1095 1210 1321 1249 defendunt
1350 1210 1456 1260 qnod
1491 1210 1565 1260 ipsi
1594 1223 1693 1247 nun-

184 1278 315 1315 quam,
347 1264 463 1303 dictis
490 1264 554 1303 die
585 1270 624 1303 et
653 1278 767 1313 anno,
790 1265 830 1303 vi
859 1271 900 1303 et
928 1265 1046 1303 armis
1076 1270 1274 1303 venerunt
1303 1264 1352 1302 acl
1380 1264 1540 1302 boscum
1570 1263 1693 1313 ipsius

184 1319 353 1357 Abbatis
387 1319 436 1357 de
470 1318 739 1368 Byldesdale‚3
772 1332 845 1357 nec
878 1319 1038 1357 arbores
1071 1319 1113 1356 in
1147 1318 1286 1357 eodem
1324 1318 1441 1356 bosco
1475 1323 1694 1355 crescentes

184 1372 445 1420 succiderunt,
481 1386 553 1411 nec
590 1378 908 1423 asportaverunt,
944 1386 1016 1411 nec
1055 1372 1227 1422 aliquam
1265 1371 1619 1422 transgressionem
1659 1371 1694 1408 ei

184 1426 364 1465 fecerunt
392 1427 495 1464 sicut
515 1427 570 1465 eis
599 1426 781 1477 imponit,
804 1432 844 1464 et
864 1431 1020 1477 ponunt
1039 1440 1080 1464 se
1109 1439 1227 1476 super
1247 1425 1427 1477 patriam.
1486 1425 1538 1462 Et
1558 1424 1696 1462 Abbas

183 1480 377 1519 similiter.
437 1480 534 1518 Ideo
554 1481 624 1518 fiat
653 1480 746 1518 inde
775 1480 909 1531 jurata
929 1485 1001 1518 etc.
1060 1480 1113 1518 Et
1142 1480 1258 1517 Prior
1277 1486 1318 1517 et
1338 1479 1415 1526 alii,
1438 1492 1509 1529 per
1538 1477 1696 1531 at[t]or-

183 1540 325 1573 natum
345 1547 471 1581 suum,
490 1535 658 1573 veniunt
679 1540 718 1572 et
737 1535 837 1572 bene
858 1540 1101 1585 cognoscunt
1121 1534 1229 1584 quod
1248 1533 1336 1584 ipsi,
1359 1533 1549 1584 praedicto
1569 1532 1633 1571 die
1654 1538 1695 1571 et

183 1602 299 1636 anno,
321 1594 519 1627 venerunt
547 1588 597 1626 ad
626 1588 860 1638 praedictum
882 1588 1056 1635 boscum,
1079 1588 1147 1626 sed
1176 1601 1256 1626 non
1287 1593 1425 1626 contra
1454 1600 1589 1637 pacem
1619 1591 1691 1624 etc.

182 1642 235 1680 Et
263 1642 403 1680 dicunt
435 1641 542 1692 quod
576 1642 788 1692 praedictus
820 1642 962 1680 boscus
991 1648 1051 1680 est
1083 1642 1224 1680 boscus
1259 1641 1438 1692 praedicti
1472 1640 1621 1678 Prioris
1655 1645 1695 1678 et

184 1695 367 1734 Ecclesiae
396 1709 485 1743 suae,
508 1696 548 1733 in
579 1709 657 1746 quo
678 1696 840 1746 quidem
870 1697 987 1734 bosco
1017 1696 1230 1746 praedictus
1250 1696 1386 1733 Abbas
1415 1694 1540 1733 nichil
1560 1693 1693 1740 habet,

182 1749 259 1788 nisi
277 1749 558 1788 tantummodo
579 1749 830 1788 rationabilia
860 1750 1058 1788 estoveria
1086 1763 1166 1796 sua,
1193 1755 1233 1787 et
1253 1762 1503 1787 communam
1524 1753 1694 1798 pasturae

182 1817 262 1842 suae
281 1803 323 1842 in
343 1803 494 1843 eodem.
553 1803 606 1842 Et
626 1804 674 1842 (16
696 1804 769 1842 1106
789 1804 903 1854 ponit
923 1817 962 1842 se
984 1817 1103 1855 super
1123 1803 1303 1854 patriam.
1363 1803 1415 1841 Et
1436 1802 1572 1840 Abbas
1592 1802 1696 1840 simi-

181 1857 283 1896 liter.
333 1857 430 1896 Ideo
450 1858 519 1895 fiat
539 1858 631 1896 inde
651 1859 785 1909 jurata
804 1864 878 1897 etc.

237 1967 298 2004 90.
331 1964 484 2018 [Assise
513 1965 633 2004 Rolls.
694 1965 812 2004 Ebor.
872 1967 894 2003 S
922 1964 1032 2003 Edw.
1056 1975 1080 2002 Ι.
1106 1963 1258 2017 [128Ο],
1281 1964 1330 2002 N.
1358 1966 1388 2002 1.
1417 1965 1517 2010 12-1,
1540 1962 1566 2001 f.
1591 1961 1696 2014 46¹³]

182 2019 407 2057 lVillelmus
436 2019 552 2058 Prior
580 2019 629 2058 de
655 2019 874 2069 Kyrcham,
906 2019 1048 2056 Frater
1080 2018 1286 2056 ‘lohannes
1315 2017 1364 2056 de
1395 2017 1597 2067 Elveleye,
1619 2021 1691 2054 etc.

182 2072 240 2125 [as
272 2074 313 2111 in
341 2073 416 2112 No.
449 2075 510 2119 89,
534 2073 620 2111 with
649 2074 901 2124 unimportant
926 2073 1125 2110 Ἰ1ϊιι·1ἰῑιῖἱθη.ς
1144 2073 1183 2110 in
1203 2071 1369 2122 spellinq,
1402 2069 1480 2123 etex]
1504 2076 1544 2109 et
1573 2069 1694 2121 Hugo

182 2127 287 2165 filius
323 2126 532 2165 Michaelis
570 2126 636 2165 del
673 2127 794 2165 Munt
832 2126 1041 2164 attachiati
1078 2126 1244 2164 fuerunt
1281 2125 1331 2163 ad
1368 2123 1692 2175 respondendum

181 2180 332 2218 Abbati
351 2181 400 2219 de
421 2180 589 2230 Ryvalle
610 2181 659 2218 (16
678 2181 835 2231 placito,
854 2193 986 2231 quare,
1009 2193 1097 2218 cum
1118 2180 1224 2218 idem
1245 2180 1381 2217 Abbas
1400 2179 1582 2217 homines
1602 2191 1693 2216 suos

182 2247 267 2272 cum
299 2234 418 2272 carris
439 2234 489 2272 ad
517 2235 679 2273 boscum
700 2248 815 2272 suum
845 2234 894 2273 de
916 2233 1140 2272 Bildesdale
1160 2233 1211 2272 ad
1240 2232 1492 2271 carriandum
1521 2245 1694 2270 maerem-

182 2288 265 2326 ium
299 2293 340 2326 et
367 2289 529 2326 buscam
557 2287 608 2326 ad
636 2288 842 2339 grangiam
871 2288 993 2338 ipsius
1024 2288 1192 2326 Abbatis
1221 2287 1262 2325 in
1294 2285 1534 2338 Byldesdale
1568 2299 1695 2336 nuper

183 2341 367 2388 misisset,
388 2355 432 2380 ac
461 2342 582 2380 iidem
615 2342 795 2380 homines
825 2341 983 2380 eosdem
1013 2355 1142 2380 carros
1172 2341 1221 2380 de
1250 2341 1392 2379 iisdem
1425 2339 1624 2378 maeremio
1654 2345 1694 2377 et

185 2396 303 2434 busca
323 2400 554 2444 carc-assent,
577 2400 617 2433 et
637 2409 702 2434 eos
722 2396 773 2434 ad
793 2397 998 2447 grangiam
1028 2395 1257 2446 praedictam
1278 2395 1439 2433 duxisse
1460 2393 1692 2439 voluissent,

184 2449 340 2500 praefati
354 2449 469 2488 Prior
482 2455 521 2488 et
535 2449 600 2487 alii
613 2449 654 2487 in
667 2450 772 2500 ipsos
788 2450 979 2497 homines,
989 2450 1093 2487 infra
1105 2455 1251 2488 terram
1265 2449 1388 2500 ipsius
1396 2448 1578 2495 Abbatis,
1589 2447 1694 2498 apud

186 2502 394 2554 Huehyrst
412 2503 453 2541 in
474 2503 723 2553 Byldesdale,
745 2503 786 2541 vi
810 2510 850 2542 et
870 2504 989 2542 armis
1017 2504 1212 2542 insultum
1231 2503 1421 2549 fecerunt,
1445 2507 1485 2540 et
1504 2502 1625 2540 boves
1655 2506 1696 2538 ct

184 2570 314 2595 carros
335 2557 544 2607 praedictos
565 2563 738 2595 carcatos
759 2563 962 2608 ceperunt,
983 2563 1023 2596 et
1043 2571 1108 2596 eos
1128 2570 1252 2607 usque
1273 2556 1494 2594 manerium
1514 2554 1695 2606 praedicti

185 2611 333 2649 Prioris
362 2611 403 2648 in
432 2611 670 2661 Byldesdale
700 2611 915 2658 duxerunt,
947 2616 987 2650 et
1016 2625 1086 2662 per
1111 2611 1247 2649 decem
1277 2611 1518 2660 septimanas
1547 2608 1692 2646 ibidem

184 2664 456 2712 detinuerunt,
474 2670 514 2703 et
534 2678 622 2703 cum
641 2665 767 2703 bobus
787 2665 865 2703 illis
886 2672 1033 2704 terram
1054 2666 1178 2716 ipsius
1194 2665 1342 2703 Prioris
1359 2663 1485 2702 excoli
1501 2663 1692 2708 fecerunt,

184 2724 225 2756 et
253 2718 330 2756 alia
359 2719 535 2757 enormia
564 2719 599 2757 ei
628 2718 864 2767 intulerunt,
891 2719 940 2757 ad
970 2719 1188 2770 dampnum
1217 2718 1341 2769 ipsius
1360 2716 1531 2755 Abbatis
1552 2715 1696 2766 viginti

184 2772 388 2818 librarum,
423 2778 464 2811 et
494 2777 633 2810 contra
666 2786 802 2823 pacem
839 2779 941 2812 etc.:
976 2779 1016 2811 et
1050 2773 1156 2811 unde
1190 2771 1404 2823 praedictus
1439 2770 1584 2817 AbbaS,
1625 2782 1696 2820 per

183 2825 468 2878 at[t]ornatum
498 2840 623 2873 suum,
647 2827 829 2876 queritur
857 2840 946 2865 cum
975 2827 1081 2865 idem
1104 2827 1241 2865 Abbas
1270 2825 1451 2863 homines
1480 2829 1567 2871 etc„
1589 2836 1693 2869 suos,

184 2893 273 2918 cum
302 2880 433 2927 carris,
456 2879 506 2918 ad
527 2880 761 2930 praedictum
784 2881 947 2919 boscum
967 2894 1083 2919 suum
1103 2880 1152 2919 ad
1183 2879 1413 2918 cariandum
1442 2877 1535 2916 inde
1564 2889 1696 2915 maere-

272 2950 281 2969 ¹
306 2951 463 2982 XVritten
480 2951 517 2981 K
516 2950 697 2991 yldesdale.
890 2952 902 2970 2
926 2951 1106 2983 Ricardm.
1354 2948 1366 2968 ³
1390 2948 1426 2980 K
1426 2948 1607 2990 yldesclale.
