2033 3242
611 307 922 338 CARTULARIUM
943 307 1249 338 RIEVALLENSE.

1603 303 1679 340 101

174 425 272 453 cum
293 425 469 453 assensu
490 416 532 453 et
548 412 659 453 bona
675 413 897 454 voluntate
916 412 1104 466 Sigeride
1117 412 1269 453 sororis
1285 426 1402 462 meae,
1419 417 1462 453 et
1477 413 1681 463 Acharii,1
1699 420 1757 446 The
1770 427 1848 446 same

173 469 255 510 viri
276 470 378 524 ejus,
399 470 444 510 in
475 502 483 510 .
515 503 523 510 .
556 502 564 510 .

175 526 387 576 clamium,
409 527 461 568 de
482 527 604 568 terris
626 532 669 568 et
699 528 879 581 pascuis,
909 533 952 569 et
982 527 1144 569 caeteris
1175 528 1448 581 pertinenciis
1479 528 1523 568 in
1555 529 1679 569 bosco

173 589 217 626 et
237 585 365 639 plano
387 589 430 626 et
450 585 595 639 pratis,
615 585 727 626 infra
747 591 878 627 terras
900 591 942 627 et
972 591 1168 639 pasturas
1199 590 1243 626 et
1273 585 1489 626 clausuras
1521 599 1623 627 eoru

597 470 884 520 elemosinam,
900 470 1103 524 quicquid
1122 470 1230 523 juris
1251 470 1394 519 habui,
1411 475 1454 511 et
1475 471 1680 524 quicquid
1698 461 1890 526 ξῑῗζὸἕῗεὲἓᾶἷι

1696 522 1839 586 ὲῖἕιῇἒθὲὶ,

1626 600 1679 636 m›

173 647 216 683 et
235 643 348 684 infra
368 643 574 697 parchum
588 656 732 684 eorum
751 643 802 684 de
818 643 1034 697 Depedale
1051 657 1178 697 quem
1195 643 1405 684 Acharius
1422 643 1473 684 de
1490 644 1680 693 Tunstal,
1697 656 1783 680 claim
1797 657 1825 680 in
1838 655 1890 680 the

173 705 295 755 pater
316 700 500 750 Ricardi,
521 701 698 741 Domini
719 702 816 750 mei,
832 701 950 742 dedit
970 701 1057 741 illis
1079 706 1122 742 et
1144 701 1270 742 cartis
1291 701 1379 741 suis
1401 701 1679 751 confirmavit,

172 758 235 799 ita
255 758 369 812 quod
390 758 587 799 monachi
607 759 817 799 tenebunt
833 759 906 799 illa
923 759 1066 799 onmia
1086 758 1275 812 plenarie
1293 764 1336 800 et
1356 759 1529 812 integre,
1545 759 1681 800 libera

173 822 216 857 et
236 816 382 870 quieta
403 821 479 857 etc.

173 874 285 915 malo
306 874 477 928 ingenio
499 874 694 922 tenenda,
711 879 753 915 et
775 874 866 915 sine
888 873 1005 914 omni
1025 873 1326 915 reclamatione
1346 875 1393 914 in
1414 880 1681 929 perpetuum,

173 932 264 974 sive
285 945 360 986 per
379 946 455 973 nos
477 931 567 973 sive
588 945 663 986 per
692 931 879 986 aliquem
909 931 1056 981 alium,
1077 946 1152 986 ego
1174 937 1216 972 et
1247 932 1450 985 praedicta
1481 932 1683 986 Sigerida,

174 1003 290 1031 soror
310 1003 416 1039 mea,
437 994 480 1030 et
510 989 733 1038 Acharius,
764 990 832 1030 vir
861 989 964 1042 ejus,
995 990 1193 1030 manibus
1225 990 1381 1030 nostris
1413 989 1683 1031 affidavimus

173 1047 220 1088 in
251 1061 382 1088 manu
414 1047 569 1101 Rogeri
609 1047 661 1088 de
702 1047 911 1095 Baventh,
949 1047 1265 1088 Constabularii
1297 1047 1348 1088 de
1379 1048 1681 1089 Richemunth.

174 1105 274 1146 Hiis
295 1106 338 1146 T.
401 1105 632 1146 Godefrido
654 1105 706 1145 de
728 1105 844 1154 Luci,
860 1104 1068 1154 Jooelino,
1089 1105 1400 1146 Archidiacono
1422 1105 1474 1146 dc
1498 1106 1683 1155 Cicestr.,

173 1163 394 1204 Willelmo
420 1163 628 1211 Vavasur,
659 1167 764 1203 tunc
794 1162 992 1204 Justiciis
1023 1162 1200 1202 Domini
1231 1163 1369 1217 Regis,
1391 1163 1503 1216 apud
1536 1163 1685 1204 Riche-

174 1221 354 1272 munth3
385 1221 578 1269 Rainem,
600 1220 864 1261 Vicecomite
885 1220 1037 1271 Ebor.;
1068 1220 1229 1274 Rogero
1261 1220 1312 1261 de
1335 1220 1543 1270 Baventh,
1575 1221 1684 1262 Con-

172 1278 406 1320 stabulario
427 1278 479 1319 de
510 1277 827 1329 Richemunth3
857 1283 900 1318 et
930 1277 1126 1331 Hugone,
1159 1278 1320 1319 Clerico
1352 1278 1468 1331 ejus3
1501 1279 1686 1319 Roberto

174 1337 226 1378 de
247 1337 378 1387 Luci3
409 1336 589 1377 Ricardo
621 1335 876 1386 Malebisse;
907 1335 1092 1388 Hugone
1114 1335 1373 1386 Malebisse3
1404 1336 1611 1377 Gaufrido
1635 1336 1687 1377 de

174 1394 448 1448 Stapeltona3
480 1393 662 1448 Hugone
684 1393 772 1434 filio
794 1392 966 1443 Arturi3
997 1393 1210 1433 Asketillo
1233 1393 1284 1434 de
1307 1393 1582 1434 Richmunth.

231 1469 366 1523 [Very
385 1469 476 1522 fine
504 1468 601 1518 scal,
629 1468 732 1508 with,
752 1468 955 1522 floriccted
985 1468 1127 1517 device,
1148 1469 1235 1508 and
1266 1468 1434 1521 beariny
1455 1469 1518 1508 the
1550 1468 1689 1521 Zeyemd

172 1537 304 1568 PEREs
326 1537 378 1567 LE
400 1524 495 1581 rm]

1695 688 1789 720 lands,
1805 690 1871 720 etc.‚

1697 724 1782 754 given
1797 724 1827 748 to
1841 723 1890 748 the

1697 757 1833 782 Convcnt
1844 756 1884 787 by

1697 790 1840 815 Acharius
1850 790 1885 816 de

542 816 598 857 Et
619 830 694 870 ego
713 815 976 872 [warrantgs]
1038 816 1144 857 Haec
1165 817 1308 857 onmia
1328 816 1509 857 fideliter
1525 821 1568 858 et
1589 817 1681 858 sine
1698 823 1829 849 Tunstal-

231 1657 420 1699 CXLVR.
454 1657 617 1698 Notum
649 1657 705 1698 sit
735 1690 742 1698 .
777 1690 784 1698 .
817 1689 824 1698 .
858 1657 968 1710 quod
1003 1671 1090 1711 ego,
1112 1658 1250 1698 Adam
1285 1658 1397 1699 filius
1430 1657 1602 1699 Radulfi
1634 1657 1686 1698 de
1705 1667 1797 1693 Adam
1812 1668 1885 1693 Fitz·

172 1715 420 1764 Bodeltona,
461 1715 559 1756 dedi
600 1720 643 1756 et
682 1715 878 1769 quietum
920 1715 1101 1755 clamavi
1142 1716 1234 1757 Deo
1286 1723 1328 1757 et
1370 1717 1407 1756 S.
1452 1716 1601 1756 Mariae
1643 1721 1685 1756 et

170 1773 389 1814 monachis
425 1773 477 1814 de
513 1773 705 1821 Rievalle
736 1773 787 1813 de
823 1786 891 1813 me
923 1778 965 1813 et
997 1772 1048 1813 de
1079 1774 1276 1815 omnibus
1307 1773 1547 1814 haeredibus
1579 1773 1684 1814 meis

170 1835 306 1872 totam
326 1835 483 1872 terram
506 1836 548 1872 et
570 1831 773 1885 quicquid
791 1830 900 1884 juris
929 1836 972 1871 et
1003 1831 1257 1885 calumpniae
1279 1832 1409 1872 habui
1430 1831 1499 1871 vel
1530 1831 1684 1872 habere
1702 1836 1846 1868 hisrisht,

1704 1702 1800 1733 Ralph
1813 1702 1849 1727 (16

1704 1735 1810 1760 Bolton
1823 1735 1900 1767 quit·

1703 1768 1803 1794 claims
1816 1770 1847 1793 to

1703 1802 1845 1827 Rievaulx
1858 1802 1897 1827 all

1701 1870 1799 1895 actual
1813 1877 1845 1895 or

171 1889 293 1944 potui
314 1889 360 1929 in
381 1889 503 1930 terris
526 1903 671 1930 eorum
694 1894 736 1930 et
762 1888 1048 1937 libertatibus,
1070 1894 1112 1930 et
1134 1890 1245 1930 infra
1275 1890 1515 1930 clausuram
1538 1903 1684 1929 eorum
1702 1903 1840 1936 possible,
1854 1903 1884 1928 in

1701 1944 1717 1961 a
1731 1937 1840 1962 certain

171 1948 223 1988 de
245 1947 491 1996 Bodeltona‚
512 1961 617 2001 quas
640 1951 788 1988 tenent
810 1960 862 1987 ex
891 1946 1120 1988 donatione
1142 1947 1315 1988 Acharii
1346 1947 1398 1988 (16
1430 1947 1620 1995 TunstaL
1642 1951 1685 1987 et
1701 1971 1851 1996 enclosure

171 2009 404 2046 tenuerunt
435 2004 509 2045 illo
538 2005 607 2046 die
628 2019 712 2059 quo
733 2005 847 2045 idem
869 2004 1077 2045 Acharius
1100 2005 1183 2045 fuit
1204 2006 1328 2046 vivus
1351 2010 1394 2046 et
1415 2009 1620 2053 mortuus,
1641 2011 1684 2045 et

171 2063 284 2104 sicut
313 2063 360 2103 in
381 2063 508 2104 cartis
540 2064 631 2117 ejus
663 2063 919 2110 continetur,
940 2061 1002 2102 ita
1032 2063 1145 2116 quod
1177 2077 1255 2104 nec
1288 2077 1374 2117 ego,
1396 2077 1474 2104 nec
1496 2062 1683 2103 haeredes
1701 2072 1740 2103 by
1758 2072 1908 2097 thedona-

1702 2004 1797 2030 which
1810 2004 1861 2030 the

1702 2039 1834 2064 Convent
1843 2038 1901 2063 had

1701 2106 1765 2130 tion
1779 2106 1811 2130 of

170 2121 256 2161 mei
276 2134 467 2174 unquam
487 2121 813 2162 reclamabimus
834 2119 999 2173 aliquid
1026 2120 1134 2173 juris
1156 2121 1202 2161 in
1223 2121 1437 2175 praedictis
1457 2120 1593 2169 terris,
1616 2120 1684 2161 vel
1702 2139 1845 2165 Acharius
1858 2138 1893 2165 de

169 2178 451 2228 libertatibus,
472 2178 542 2219 vel
572 2179 778 2220 clausuris
809 2191 964 2219 eorum.
1027 2179 1108 2219 Pro
1140 2193 1225 2233 qua
1255 2179 1400 2233 quieta
1430 2178 1684 2219 clamatione

170 2236 363 2290 praedicti
383 2237 581 2277 monachi
603 2236 812 2277 dederunt
834 2235 965 2275 michi
997 2235 1102 2277 duas
1133 2251 1295 2278 marcas
1327 2237 1491 2291 argenti
1513 2236 1684 2290 quando

170 2294 260 2334 haec
282 2299 398 2334 carta
420 2295 531 2335 facta
552 2295 646 2336 fuit.

212 2407 224 2427 ¹
248 2407 284 2440 It
314 2408 440 2441 should
477 2408 521 2441 be
558 2409 666 2441 noted
697 2409 778 2441 that
815 2408 888 2440 this

172 2451 358 2492 Acharius,
428 2452 750 2495 notwithstanding
826 2452 888 2483 the

170 2495 327 2537 identity
350 2496 386 2527 of
411 2506 524 2535 name,
551 2497 581 2528 is
604 2499 667 2528 not
697 2497 758 2528 the
774 2495 887 2528 Acha-

168 2539 241 2570 rius
272 2539 315 2570 de
338 2539 486 2571 Tunstal
510 2550 547 2571 so
571 2540 669 2572 often
695 2539 821 2571 named
852 2539 888 2570 in

168 2582 231 2613 the
260 2585 403 2624 present
433 2584 540 2615 series
563 2584 600 2615 of
629 2583 748 2615 deeds.
795 2582 889 2615 That

167 2636 359 2667 personage
376 2626 439 2658 has
462 2627 587 2668 passed
610 2638 721 2668 away,
740 2627 810 2658 and
834 2626 888 2658 his

168 2678 232 2701 son
258 2669 413 2701 Richard
437 2669 466 2701 is
490 2681 568 2702 now
591 2671 653 2702 the
676 2670 796 2702 feudal
811 2670 889 2702 lord

167 2712 205 2744 in
220 2711 274 2744 his
297 2712 406 2754 place.
455 2713 528 2745 The
551 2713 634 2745 date
657 2714 692 2746 of
714 2713 776 2745 the
800 2713 888 2745 deed

168 2756 198 2787 is
214 2756 493 2798 approximately
508 2756 601 2789 fixed
624 2757 671 2798 by
688 2757 749 2789 the
772 2768 888 2789 occur-

170 2809 273 2830 rence
289 2799 325 2831 of
348 2800 576 2832 Archdeacon
592 2801 615 2833 J
617 2801 757 2833 ocelin's
773 2811 884 2839 name,

169 2845 207 2874 to
230 2842 345 2874 which
377 2843 424 2875 Le
451 2843 550 2875 Neve
577 2844 734 2886 appends
759 2844 889 2886 simply

169 2885 231 2917 the
269 2885 398 2927 figures
439 2888 532 2925 1205,
574 2887 640 2919 but
677 2888 764 2920 with
803 2888 888 2919 such

170 2928 287 2960 notice
306 2929 342 2961 of
365 2929 425 2961 the
449 2930 551 2962 times
574 2931 610 2963 of
633 2931 688 2963 his
711 2931 887 2973 predeces-

170 2982 244 3004 sors
267 2983 305 3004 as
329 2976 367 3005 to
391 2974 559 3006 convince
584 2985 623 3006 us
647 2975 727 3007 that
751 2975 794 3006 he
816 2986 889 3007 was

706 2294 812 2335 Haec
834 2292 978 2334 omnia
999 2293 1181 2335 fideliter
1203 2300 1245 2335 et
1266 2295 1358 2336 sine
1379 2294 1491 2335 malo
1513 2294 1683 2348 ingenio

964 2409 1048 2451 only
1085 2409 1201 2451 newly
1239 2409 1342 2441 made
1379 2408 1610 2441 Archdeacon
1647 2408 1683 2439 in

964 2453 1045 2485 that
1060 2463 1153 2494 year.
1203 2453 1275 2485 But
1297 2453 1446 2491 further,
1465 2453 1527 2484 the
1550 2452 1633 2484 date
1649 2451 1685 2483 of

964 2497 1026 2527 the
1042 2496 1131 2528 deed
1155 2500 1282 2529 cannot
1305 2496 1385 2528 well
1409 2495 1451 2527 be
1474 2496 1579 2527 much
1594 2495 1684 2527 later

964 2540 1051 2572 than
1089 2540 1151 2572 the
1189 2540 1264 2572 said
1302 2550 1410 2581 year;
1449 2539 1504 2571 for
1541 2539 1578 2570 in
1615 2538 1682 2570 No.

964 2592 1091 2616 0¹11qu
1112 2583 1276 2625 Geoffrey
1291 2583 1335 2615 de
1351 2583 1437 2614 Luci
1454 2583 1483 2614 is
1507 2585 1580 2614 met
1595 2582 1682 2613 with

964 2637 1002 2659 as
1041 2638 1061 2658 a
1098 2630 1366 2668 contemporary
1395 2626 1431 2657 of
1468 2625 1602 2658 Ranulf
1639 2624 1683 2656 de

965 2670 1152 2709 Glanville‚
1181 2671 1296 2712 Roger
1327 2670 1370 2701 (16
1397 2668 1584 2710 Moubray,
1613 2668 1683 2699 and

965 2713 1124 2745 William
1162 2714 1205 2745 de
1244 2713 1359 2753 Vesci,
1397 2712 1501 2744 while
1539 2713 1575 2744 in
1613 2711 1678 2743 No.

965 2767 1117 2790 CXXXIX.
1153 2757 1269 2799 Roget
1299 2756 1342 2788 de
1373 2755 1544 2794 Baventh,
1579 2755 1683 2786 twice

964 2801 1166 2833 mentioned
1198 2802 1235 2832 in
1265 2800 1327 2832 the
1357 2802 1498 2841 present
1529 2798 1626 2835 deed,
1655 2798 1684 2829 is

965 2855 1047 2876 seen
1071 2848 1108 2876 to
1132 2844 1175 2876 be
1191 2855 1212 2876 a
1227 2847 1495 2885 contemporary
1512 2841 1548 2873 of
1571 2841 1684 2873 Acha-

965 2889 1037 2920 rius
1065 2888 1108 2919 (16
1139 2887 1288 2920 Tunstal
1319 2886 1469 2923 himself,
1497 2885 1557 2916 the
1581 2885 1683 2916 docu-

965 2935 1062 2963 ment
1079 2931 1174 2963 itself
1197 2930 1341 2971 bearing
1363 2929 1424 2961 the
1447 2929 1530 2960 date
1548 2928 1632 2962 1175
1648 2937 1686 2959 as

965 2976 1046 3007 that
1063 2975 1099 3006 of
1115 2976 1161 3006 its
1178 2973 1401 3006 ratification.

1701 2173 1833 2199 Tunstal.
