2033 3242
347 243 428 280 306
781 250 1095 280 CARTULARIUM
1117 250 1422 281 RIEVALLENSE.

345 355 636 397 Donationem
658 388 665 396 .
688 388 697 397 .
721 388 729 396 .
751 369 856 409 quas
872 354 1119 395 Willelmus
1141 354 1193 395 de
1214 354 1442 396 Habetona
1464 389 1472 398 .
1494 389 1501 397 .
1525 388 1533 397 .
1555 355 1659 397 fecit
1678 356 1771 397 Deo
1792 388 1800 395 .
1823 388 1831 396 .
1855 388 1863 396 .

347 414 400 455 de
421 427 507 454 una
528 427 625 454 acra
646 417 689 453 et
705 427 792 453 una
807 413 910 453 roda
926 416 969 453 et
989 425 1064 453 sex
1083 412 1300 454 rodefallis
1322 414 1446 467 prati,
1459 427 1556 455 cum
1577 413 1865 468 pertinenciis,

346 472 393 512 in
416 471 660 520 Calvetona,
682 475 724 511 et
747 470 798 511 de
813 469 1009 510 habendo
1031 469 1213 510 liberum
1234 470 1471 525 ingressum
1492 475 1535 513 et
1565 485 1777 526 egressum
1811 470 1866 512 ad

343 529 597 584 praedictum
618 532 790 582 pratum
812 528 895 568 sibi
916 531 958 568 et
979 527 1264 569 servientibus
1297 529 1384 569 suis
1406 533 1450 570 et
1480 529 1672 584 cariagiis
1695 533 1737 570 et
1769 529 1860 569 ani-

345 587 530 628 malibus
552 586 665 627 suis:
696 586 987 626 Donationem
1009 619 1017 627 .
1041 618 1050 627 .
1074 618 1083 628 .
1104 599 1210 640 quas
1242 586 1453 628 Robertus
1475 587 1615 637 Baret,
1635 588 1688 628 de
1711 586 1861 628 Calve-

346 649 449 686 tona
471 643 740 698 Capelhnus,
761 676 770 684 .
793 676 801 684 .
825 677 834 685 .
858 643 961 684 fecit
991 643 1084 684 Deo
1105 676 1113 685 .
1135 676 1144 684 .
1168 676 1177 685 .
1199 643 1251 685 de
1282 644 1448 685 duabus
1478 645 1587 686 acris
1618 645 1743 699 prati,
1764 658 1862 685 cum

348 701 635 756 pertinenciis,
657 702 701 741 in
724 701 873 742 eadem
893 701 1022 742 villa:
1053 701 1342 743 Donationem
1377 734 1386 744 .
1425 735 1434 744 .
1472 735 1480 744 .
1514 716 1619 757 quas
1650 702 1865 744 Henricus

349 761 478 801 Baret
499 792 507 800 .
530 793 538 800 .
563 793 571 800 .
595 760 698 800 fecit
717 760 811 800 Deo
833 792 842 801 .
863 791 871 800 .
894 791 903 801 .
926 759 978 799 de
998 763 1089 800 toto
1120 763 1241 813 prato
1273 773 1361 809 suo,
1383 773 1481 801 cum
1510 760 1798 814 pertinenciis,
1819 761 1864 800 in

350 818 596 866 Calvetona,
626 817 740 871 quod
771 817 923 858 habuit
953 816 1006 858 de
1036 817 1160 858 feodo
1190 817 1404 859 <Iohannis
1435 818 1488 859 de
1519 818 1776 872 Cotingham
1811 818 1864 859 ad

347 876 512 916 Album
543 875 778 928 Lapidem:
821 875 1147 916 Concessionem
1177 875 1364 929 insuper,
1395 876 1772 926 confirmationem,
1801 889 1865 917 re-

343 934 600 984 missionem,
623 937 666 974 613
686 933 876 987 quietam
897 932 1178 974 clamanciam
1199 947 1304 987 quas
1321 933 1566 974 Willelmus
1584 934 1636 975 (16
1651 933 1862 975 1166661166

344 992 396 1033 (16
419 991 652 1032 Calvetona
672 1023 681 1032 .
703 1024 712 1032 .
734 1023 743 1032 .
766 991 868 1032 fecit
888 991 982 1032 Deo
1003 1023 1012 1032 .
1036 1024 1043 1032 .
1067 1024 1075 1032 .
1098 991 1149 1032 de
1180 996 1271 1032 toto
1301 995 1433 1045 prato,
1456 1005 1554 1032 cum
1575 992 1864 1045 pertinenciis,

341 1050 388 1089 in
410 1049 557 1090 eadem
579 1049 694 1098 villa,
717 1049 831 1102 quod
851 1049 1013 1090 habent
1032 1049 1079 1089 in
1101 1049 1321 1090 excambio
1343 1049 1395 1090 de
1427 1049 1607 1090 Ricardo
1629 1049 1681 1090 de
1712 1050 1798 1091 Ros
1819 1055 1862 1090 613

345 1107 506 1157 Sibilla,
526 1121 659 1147 uxore
691 1107 794 1160 ejus,
816 1111 859 1147 et
880 1107 932 1147 de
962 1121 1104 1148 annuo
1135 1107 1306 1148 redditu
1337 1107 1470 1148 trium
1501 1107 1744 1157 solidorum,
1765 1121 1863 1148 cum

343 1165 632 1219 pertinenciis,
654 1179 784 1219 quam
805 1164 966 1205 habent
988 1165 1040 1205 de
1061 1165 1222 1206 eisdem
1243 1165 1425 1206 Ricardo
1447 1171 1491 1207 et
1522 1165 1674 1206 Sibilla
1695 1165 1747 1206 de
1777 1178 1864 1205 una

344 1224 500 1264 bovata
532 1228 665 1272 terrae,
698 1236 827 1276 quam
862 1223 1081 1264 Walterus
1119 1223 1421 1277 Carpentarius
1457 1223 1598 1264 tenuit
1633 1223 1680 1263 in
1716 1222 1862 1264 eadem

344 1281 474 1322 villa:
504 1281 793 1321 Donationem
814 1314 821 1322 .
847 1314 855 1323 .
877 1314 885 1322 .
908 1295 1014 1334 quas
1035 1282 1065 1322 J
1068 1281 1269 1330 ohannes,
1290 1281 1404 1322 filius
1425 1281 1608 1322 Walteri
1640 1281 1863 1335 Praepositi

343 1339 395 1381 de
418 1339 662 1387 Calvetona,
683 1371 691 1379 .
714 1372 721 1380 .
745 1372 753 1380 .
776 1339 879 1379 fecit
899 1339 992 1380 Deo
1014 1372 1022 1380 .
1046 1373 1054 1381 .
1076 1373 1084 1381 .
1108 1339 1160 1380 de
1182 1339 1345 1380 duabus
1362 1339 1583 1393 particulis
1604 1344 1742 1392 terrae,
1764 1352 1863 1380 611111

343 1397 632 1451 pertinenciis,
653 1397 698 1436 in
721 1397 868 1437 eadem
888 1397 1005 1447 villa,
1026 1397 1127 1446 6611,
1147 1397 1223 1438 illa
1253 1411 1348 1451 quae
1374 1398 1489 1451 jacet
1518 1397 1564 1437 in
1595 1396 1865 1451 longitudine

344 1456 458 1496 inter
479 1468 657 1495 avenam
671 1454 686 1479 1
708 1459 751 1495 et
771 1455 999 1496 Hosebeke
1020 1456 1066 1495 in
1086 1455 1380 1509 Westhenges,
1403 1461 1445 1496 et
1467 1455 1519 1496 de
1539 1455 1625 1496 alia
1655 1454 1866 1509 particula

344 1513 458 1567 prati
489 1526 618 1566 quam
649 1513 791 1553 tenuit
827 1513 877 1553 de
906 1513 1069 1566 capella
1100 1527 1153 1554 ex
1184 1513 1294 1554 dono
1326 1513 1511 1563 Roberti,
1543 1513 1685 1554 fratris
1717 1512 1796 1562 sui,
1817 1512 1864 1553 in

344 1570 590 1619 Acerhneit,
604 1584 698 1624 quae
706 1571 821 1624 jacet
834 1571 880 1611 in
893 1571 1161 1625 longitudine
1174 1571 1288 1612 inter
1301 1571 1546 1612 Rechlande
1555 1575 1597 1612 et
1614 1571 1840 1612 Hosebeke
1855 1587 1864 1612 z

345 1629 635 1669 Donationem
657 1662 664 1669 .
686 1662 694 1670 .
718 1661 726 1669 .
749 1642 855 1682 quas
887 1629 1140 1683 Radulphus
1176 1629 1290 1670 filius
1328 1629 1541 1670 Huctredi
1572 1629 1624 1670 de
1654 1628 1866 1683 Berghebi

346 1721 353 1728 .
379 1720 386 1728 .
408 1720 416 1728 .
440 1687 542 1727 fecit
561 1686 655 1726 Deo
678 1719 685 1727 .
709 1720 717 1727 .
740 1720 748 1727 .
772 1687 824 1727 de
854 1688 1054 1728 undecim
1085 1687 1192 1728 acris
1223 1688 1348 1741 prati,
1380 1701 1477 1728 cum
1509 1687 1798 1740 pertinenciis,
1819 1686 1866 1726 in

345 1744 541 1794 Berhebi,
563 1749 606 1785 et
627 1744 677 1785 de
709 1745 825 1785 161116
847 1750 890 1786 61
920 1759 1030 1799 aqua
1051 1759 1179 1799 quam
1201 1745 1419 1786 duxerunt
1448 1759 1523 1799 per
1543 1749 1699 1785 terram
1729 1744 1865 1798 ipsius

346 1802 565 1856 Radulphi
605 1816 681 1856 per
721 1802 980 1843 conductum
1021 1803 1075 1843 ad
1114 1803 1331 1857 grangiam
1374 1817 1519 1843 eorum
1560 1803 1613 1843 de
1655 1802 1861 1850 Crossebi,

344 1861 529 1901 tenendo
561 1873 659 1900 cum
689 1860 781 1914 ipso
813 1861 1027 1902 conductu
1057 1861 1384 1915 imperpetuum,
1407 1865 1449 1901 et
1471 1860 1524 1901 ad
1553 1859 1664 1900 illud
1694 1859 1865 1901 emend-

348 1919 507 1958 andum
521 1918 653 1959 libere
670 1919 867 1972 quotiens
890 1933 996 1972 opus
1019 1919 1171 1960 fuerit:
1195 1919 1521 1960 Concessionem
1543 1951 1550 1959 .
1574 1952 1582 1960 .
1605 1951 1613 1959 .
1637 1931 1742 1971 quas
1758 1918 1866 1958 Wil-

344 1976 499 2017 lehnus
531 1976 582 2016 de
613 1976 827 2017 Estuvilla
850 1977 941 2030 [sic]
965 2010 972 2018 .
995 2011 1002 2018 .
1026 2010 1033 2018 .
1056 1977 1160 2018 16611
1188 1977 1282 2017 Deo
1303 2010 1311 2017 .
1345 2010 1352 2018 .
1375 2011 1383 2018 .
1408 1977 1459 2017 de
1481 1976 1708 2016 donatione
1730 1989 1860 2029 quam

347 2034 601 2088 Radulphus
643 2034 757 2075 filius
808 2035 1022 2075 Huctredi
1063 2035 1114 2075 de
1155 2034 1363 2089 Berghebi
1405 2034 1522 2075 dedit
1563 2034 1635 2083 eis,
1672 2034 1774 2084 6611,
1814 2033 1867 2074 (16

346 2092 548 2133 undecim
570 2092 677 2132 acris
708 2093 831 2146 prati,
853 2107 950 2133 cum
981 2093 1268 2146 pertinenciis,
1291 2093 1335 2132 in
1368 2092 1589 2146 Berghebi,
1611 2097 1653 2132 et
1674 2091 1726 2132 de
1747 2092 1865 2132 fonte

350 2154 392 2190 et
414 2150 628 2190 conductu
651 2164 771 2204 aquae
792 2151 845 2190 ad
865 2151 1083 2205 grangiam
1101 2165 1246 2191 eorum
1263 2151 1314 2191 de
1331 2150 1548 2192 Crossebi:
1578 2149 1865 2190 Donationem

351 2241 358 2248 .
382 2241 389 2248 .
413 2240 420 2247 .
445 2221 550 2261 quas
581 2208 724 2248 Adam
755 2208 868 2249 filius
901 2209 1017 2249 Petri
1040 2243 1047 2251 .
1070 2242 1078 2250 .
1101 2242 1109 2250 .
1132 2209 1234 2250 16611
1263 2209 1356 2249 Deo
1377 2241 1385 2250 .
1411 2242 1418 2249 .
1440 2241 1448 2249 .
1472 2208 1523 2248 de
1544 2207 1635 2248 loco
1656 2208 1702 2247 in
1733 2207 1865 2247 Rum-

346 2265 532 2315 blesmor
547 2265 622 2319 qui
639 2270 813 2306 vocatur
829 2267 1029 2316 Favedre,
1045 2271 1088 2307 et
1104 2267 1156 2307 de
1172 2271 1262 2307 toto
1285 2266 1397 2320 quod
1418 2266 1480 2306 ibi
1500 2266 1652 2306 habuit
1673 2265 1719 2305 in
1740 2265 1866 2306 bosco

347 2329 390 2364 et
412 2323 551 2376 plano,
573 2324 618 2362 in
638 2324 772 2376 pratis
794 2328 837 2365 et
857 2324 990 2377 aquis,
1009 2330 1051 2365 et
1067 2325 1253 2378 pasturis
1271 2330 1313 2365 et
1326 2324 1487 2365 caeteris
1509 2324 1707 2364 omnibus
1725 2323 1863 2363 eidem

348 2381 440 2421 loco
471 2381 796 2434 pertinentibus,
818 2386 861 2422 et
883 2383 934 2423 de
966 2387 1077 2423 sarto
1107 2382 1182 2423 illo
1203 2383 1318 2436 quod
1338 2387 1513 2423 vocatur
1545 2381 1788 2435 Oghetwait
1817 2381 1863 2420 in

350 2439 455 2479 villa
477 2452 571 2491 quae
592 2444 769 2479 vocatur
791 2440 1084 2489 Stainburche,
1106 2441 1159 2481 ad
1181 2441 1370 2481 favercas
1392 2439 1619 2488 faciendas,
1637 2443 1681 2480 et
1702 2439 1754 2480 de
1775 2442 1866 2479 tota

350 2495 542 2537 minera2
573 2496 674 2536 ferri
706 2497 757 2538 de
789 2498 991 2550 praedicta
1020 2498 1135 2548 villa,
1167 2502 1210 2539 et
1250 2498 1302 2539 de
1332 2498 1459 2552 lignis
1490 2498 1537 2537 in
1567 2498 1692 2537 bosco
1714 2510 1789 2537 suo
1812 2496 1862 2536 ad

352 2555 562 2604 carbones,
594 2559 637 2594 et
668 2554 752 2595 alia
783 2569 876 2608 quae
898 2556 1132 2597 necessaria
1163 2556 1267 2610 ipsis
1299 2556 1470 2605 fuerint,
1492 2560 1535 2596 et
1565 2555 1616 2595 (16
1647 2554 1864 2595 communi

350 2615 535 2665 pastura,
575 2617 619 2652 et
658 2617 708 2652 ut
747 2613 893 2654 nullus
925 2614 987 2654 ibi
1027 2614 1182 2655 habeat
1216 2614 1427 2655 favercam
1467 2617 1621 2667 praeter
1660 2613 1774 2666 ipsos
1810 2611 1860 2651 ad

350 2670 512 2710 ferrum
545 2669 809 2710 faciendum:
850 2671 1137 2713 Donationem
1167 2705 1175 2713 .
1213 2705 1222 2713 .
1259 2705 1267 2713 .
1301 2685 1405 2725 quas
1438 2670 1645 2711 Ricardus
1676 2670 1728 2711 de
1759 2669 1864 2709 Alta

352 2728 463 2781 Ripa
503 2760 510 2768 .
552 2761 559 2769 .
602 2759 610 2768 .
652 2727 754 2768 fecit
794 2728 887 2769 Deo
928 2762 936 2770 .
974 2762 982 2770 .
1019 2763 1027 2771 .
1066 2730 1118 2770 de
1153 2744 1239 2770 una
1260 2730 1415 2770 bovata
1447 2734 1582 2777 terrae,
1605 2741 1703 2769 cum
1737 2727 1862 2780 perti-

352 2785 525 2833 nenciis,
566 2785 612 2825 in
653 2785 864 2826 Favedre:
914 2787 1203 2828 Donationem
1243 2821 1251 2829 .
1293 2820 1302 2828 .
1345 2821 1352 2829 .
1396 2800 1502 2840 quas
1544 2786 1770 2839 Philippus
1811 2783 1863 2824 de

433 2875 444 2895 1
469 2875 553 2907 This
569 2886 715 2917 appears
733 2879 769 2907 to
785 2876 828 2908 be
845 2887 882 2908 so
899 2876 1052 2910 written.
1101 2878 1174 2909 The
1191 2878 1365 2910 intention
1383 2878 1412 2909 is
1425 2877 1576 2918 entirely
1591 2875 1746 2908 obscure.

434 2918 447 2938 2
470 2920 629 2951 WVritten
646 2919 791 2953 Mimia-
