2033 3242
620 282 933 314 CARTULARIUM
954 280 1196 312 RIEVALLEN
1202 279 1262 309 SE.
1647 272 1667 307 2
1675 271 1697 305 3

243 431 398 472 XLIV.
430 431 707 472 111.OARTA
737 428 1048 470 EVERARDI
1080 427 1162 468 DE
1193 426 1303 467 Ros
1335 425 1417 465 DE
1448 424 1644 465 SARTO.

241 515 281 569 [2
289 514 330 569 7]
345 513 554 555 Omnibus
571 513 608 554 S.
628 512 783 553 Matris
799 509 1124 565 Ecclesiaesfiliis,
1144 508 1386 550 Everardus
1403 507 1454 548 de
1472 507 1568 555 Ros,
1584 505 1694 547 salu-
1714 513 1922 578 glrffitlglrelsalae

183 577 282 613 tem.
345 571 497 613 Sciatis
513 584 581 611 me
598 570 775 619 dedisse,
789 575 832 611 et
852 569 932 610 hac
953 568 1154 623 praesenti
1175 571 1290 608 carta
1310 579 1404 606 mea
1425 565 1695 606 confirmasse
1714 581 1752 612 by
1768 579 1894 605 laveram

184 631 277 671 Deo
308 634 352 670 et
383 629 582 670 Ecclesiae
614 629 653 670 S.
676 628 827 668 Mariae
849 626 1054 668 Rievallis
1086 630 1128 666 et
1158 623 1378 665 monachis
1409 622 1570 663 ibidem
1601 622 1693 661 Deo
1712 614 1909 680 ἓῗεξξῇὧξξ·

186 687 483 735 861ν16111111118,
522 700 598 740 pro
639 686 778 727 salute
818 685 972 726 animae
1016 683 1197 724 Walteri
1247 683 1395 735 Espec,
1437 679 1693 720 Fundatoris
1712 681 1891 740 {wlff-2⁹3,

185 744 375 799 ejusdem
406 744 619 793 Ecclesiae,
656 748 699 785 et
729 743 905 784 Roberti
936 742 988 783 de
1019 742 1118 792 Ros,
1156 741 1291 795 patris
1326 739 1424 791 mei,
1456 745 1498 779 et
1531 737 1695 778 Sibillae
1713 722 1791 782 81131
1803 728 1903 780 grauns

186 802 335 844 matris
378 816 494 850 meae,
532 806 574 843 et
615 815 691 855 pro
734 800 871 842 salute
907 800 1061 841 animae
1097 812 1202 839 meae
1238 802 1281 839 et
1316 796 1463 837 uxoris
1500 809 1615 844 meze,
1653 798 1696 835 et

185 860 377 901 omnium
392 859 609 901 haeredum
626 864 669 900 et
690 864 915 913 parentum
931 871 1134 905 meorum,
1150 857 1195 896 in
1212 869 1363 909 puram
1384 859 1425 895 et
1447 858 1696 907 perpetuam

186 918 475 967 elemosinam,
501 923 641 958 totum
683 921 845 957 sartum
878 929 1022 956 meum
1053 920 1096 955 et
1128 915 1303 955 boscum
1334 912 1387 953 ad
1428 910 1695 952 occidentem

185 976 237 1017 de
269 975 527 1023 Helmeslac,
560 989 636 1028 per
662 975 739 1015 has
780 972 1101 1021 divisas—scil„
1142 986 1167 1012 a
1202 971 1312 1012 vado
1363 968 1599 1010 molendini
1646 967 1698 1008 de

187 1034 405 1088 Sproxtun
442 1033 554 1074 sicut
595 1033 802 1073 fossatum
847 1045 994 1072 eorum
1029 1030 1149 1070 vadit
1192 1042 1362 1070 sursum
1398 1040 1535 1080 usque
1572 1039 1699 1079 super

186 1091 334 1132 cilium
365 1091 536 1139 montis,
558 1095 601 1131 et
631 1090 771 1131 tendit
800 1089 900 1129 inde
930 1093 1045 1129 recta
1075 1088 1189 1128 linea
1211 1100 1346 1140 usque
1378 1085 1431 1125 ad
1452 1097 1602 1138 rogum
1623 1083 1699 1137 qui

186 1154 252 1190 est
267 1149 395 1203 juxta
410 1148 662 1202 praedictum
683 1153 859 1195 sartum,
873 1151 915 1187 et
931 1146 1032 1186 inde
1055 1145 1167 1186 sicut
1187 1145 1302 1185 idem
1319 1144 1524 1183 fossatum
1547 1141 1701 1182 circuit

186 1212 362 1255 sartum,
398 1206 600 1247 claudens
632 1207 758 1258 juxta
794 1218 838 1245 se
874 1217 1024 1244 versus
1064 1208 1228 1243 sartum
1273 1200 1499 1255 quodlibet
1534 1199 1699 1252 lignum

187 1264 334 1314 viride,
355 1269 398 1305 et
418 1264 538 1305 venit
560 1277 695 1316 usque
716 1262 770 1303 ad
790 1262 948 1302 vallem
970 1275 1064 1314 quie
1085 1260 1206 1300 venit
1227 1259 1280 1300 de
1313 1256 1598 1299 Gerardedale
1627 1270 1702 1309 per

188 1322 300 1363 latus
332 1322 491 1363 montis
523 1335 657 1375 usque
687 1321 741 1361 ad
772 1319 1025 1373 praedictum
1057 1324 1232 1366 sartum,
1264 1322 1308 1357 et
1338 1316 1438 1356 inde
1473 1315 1585 1355 sicut
1620 1315 1701 1354 fos-

188 1385 328 1421 satum
351 1380 464 1421 idem
485 1379 604 1420 vadit
626 1385 915 1419 transversum
938 1375 1234 1424 Gerardedale,
1256 1380 1299 1415 et
1329 1372 1526 1427 jungitur
1547 1373 1704 1412 fossato

186 1437 357 1478 illorum
390 1437 503 1491 quod
523 1436 644 1477 venit
674 1436 725 1476 de
757 1436 892 1483 Sarra,
913 1448 1007 1488 quae
1033 1439 1098 1475 est
1124 1434 1236 1474 inter
1265 1438 1309 1472 te
1320 1445 1433 1472 116111
1463 1429 1622 1471 011116111
1650 1429 1703 1469 ad

186 1509 362 1549 parvam
384 1495 540 1535 Haiam
563 1494 614 1535 de
635 1493 913 1542 Thillestona‚
935 1496 978 1533 et
999 1491 1059 1533 sic
1079 1495 1220 1532 totum
1242 1487 1528 1531 Gerardedale
1550 1500 1702 1528 versus

188 1553 285 1594 Grif
305 1566 380 1607 per
400 1552 558 1593 divisas
579 1551 802 1605 praedictas
824 1551 927 1591 sarti
947 1563 1081 1604 usque
1102 1549 1156 1590 ad
1187 1549 1410 1602 antiquam
1446 1546 1564 1586 viam
1591 1543 1703 1598 qua1

186 1611 380 1651 homines
405 1610 521 1650 villae
556 1610 608 1650 de
639 1609 736 1650 Grif
770 1609 964 1649 solebant
991 1605 1103 1662 [27b]
1128 1608 1190 1648 ire
1221 1606 1275 1647 ad
1309 1604 1620 1646 molendinum
1652 1602 1702 1643 de

187 1668 439 1723 Sproxtona,
460 1673 503 1709 et
533 1668 632 1708 inde
653 1680 788 1721 usque
810 1666 864 1707 ad
886 1666 1147 1720 Speragates,
1168 1670 1211 1705 et
1232 1664 1332 1704 inde
1353 1676 1428 1717 per
1451 1662 1702 1715 Speragates

187 1740 322 1780 usque
343 1726 389 1766 in
412 1726 549 1775 Riam‚
570 1733 611 1766 et
643 1725 743 1766 inde
774 1738 850 1778 per
876 1738 1032 1778 aquam
1063 1723 1115 1764 de
1137 1723 1219 1763 Ria
1240 1736 1338 1763 cum
1360 1726 1450 1761 tota
1473 1733 1585 1773 aqua
1607 1731 1699 1759 mea

188 1798 322 1838 usque
343 1784 397 1824 ad
418 1784 606 1824 vadum2
627 1782 862 1827 molendini
884 1782 1136 1835 praedictum
1164 1780 1216 1821 de
1239 1776 1700 1833 Sproxtona—-Omnia

187 1856 285 1883 vero
302 1855 397 1895 quae
419 1841 695 1882 continentur
709 1841 822 1880 infra
838 1840 915 1880 has
937 1839 1096 1880 divisas
1118 1838 1216 1879 dedi
1237 1836 1454 1892 praedictis
1476 1833 1698 1875 monachis

187 1899 445 1941 —Tenenda
474 1900 521 1939 in
549 1903 804 1953 perpetuum
825 1897 960 1938 libera
980 1902 1023 1938 et
1044 1897 1190 1951 quieta
1210 1897 1263 1936 ab
1286 1894 1404 1935 omni
1425 1899 1592 1934 terreno
1615 1905 1698 1932 ser-

187 1957 293 1998 vitio
314 1962 357 1998 61
378 1957 600 1998 exactione
627 1956 829 1997 saeculari.
892 1956 1101 1996 Praeterea
1122 1953 1221 1995 dedi
1243 1952 1458 2007 praedictis
1480 1948 1700 1990 monachis

187 2049 194 2055 .
218 2049 226 2056 .
251 2048 259 2057 .
281 2029 552 2056 communem
573 2020 791 2068 pasturam
809 2013 861 2054 de
882 2013 1085 2054 Pokeleia
1101 2012 1146 2052 in
1164 2012 1289 2052 bosco
1307 2016 1350 2051 et
1366 2010 1506 2063 planO,
1523 2008 1642 2048 intus
1659 2012 1702 2047 et

188 2078 320 2122 extra,
342 2087 417 2126 per
438 2073 591 2121 omnia,
613 2072 746 2113 libere
768 2077 811 2112 et
832 2071 987 2125 quiete,
1007 2070 1061 2111 ad
1083 2083 1182 2110 oves
1205 2074 1247 2110 et
1269 2074 1419 2109 caetera
1440 2080 1591 2120 pecora
1612 2078 1701 2112 sua,

189 2135 231 2172 et
263 2131 484 2171 habebunt
513 2131 575 2170 ibi
605 2130 828 2171 materiem
864 2135 907 2169 et
938 2129 1055 2182 ligna
1088 2127 1141 2168 ad
1175 2141 1273 2168 suos
1302 2125 1494 2180 proprios
1527 2137 1630 2164 usus
1655 2123 1701 2162 in

188 2189 387 2229 omnibus
413 2189 550 2229 boscis
579 2188 769 2240 ejusdem
790 2186 918 2235 villae,
939 2192 982 2228 et
1012 2199 1169 2240 pascua
1197 2190 1240 2225 61
1267 2183 1479 2237 pannagia
1505 2181 1558 2221 ab
1585 2181 1702 2221 omni

188 2246 497 2288 consuetudine
532 2246 689 2300 quieta,
730 2250 771 2286 et
808 2249 960 2285 caetera
1001 2244 1143 2284 omnia
1180 2243 1432 2283 aisiamenta
1472 2253 1560 2287 sua,
1591 2239 1703 2279 sicut

186 2304 361 2345 liberius
383 2310 424 2344 et
446 2303 633 2358 quietius
659 2303 869 2344 Walterus
891 2302 1027 2356 Espec
1048 2301 1300 2342 aisiamenta
1322 2313 1399 2340 sua
1420 2298 1480 2339 eis
1511 2296 1630 2337 dedit
1662 2301 1703 2336 61

188 2367 303 2403 06116
353 2376 429 2402 8116
480 2361 748 2402 confirmavit
788 2361 834 2400 in
875 2360 1086 2401 territorio
1127 2359 1179 2400 de
1221 2357 1479 2403 Helmeslac,
1515 2360 1557 2395 et
1592 2354 1703 2394 sicut

190 2420 399 2461 Robertus
413 2420 465 2460 de
483 2420 579 2466 Ros,
593 2424 714 2472 pater
727 2432 858 2467 meus,
875 2423 989 2458 carta
1010 2431 1098 2465 sua,
1115 2421 1158 2458 et
1174 2430 1249 2470 ego
1271 2421 1386 2456 carta
1403 2427 1509 2461 mea,
1526 2411 1704 2453 eandem

232 2517 244 2537 ¹
267 2517 426 2549 Written
443 2528 557 2558 quam.
988 2516 1025 2548 of
1054 2515 1117 2548 the
1140 2514 1217 2547 said
1243 2512 1428 2552 “divisa,'’
1450 2511 1520 2543 and
1546 2510 1705 2542 between

231 2560 245 2580 ‘·'
268 2560 322 2593 On
353 2561 532 2593 reference
560 2564 598 2592 to
628 2561 690 2593 the
721 2563 830 2592 terms
867 2559 904 2591 of
989 2561 1019 2592 it
1033 2559 1104 2591 and
1127 2559 1188 2590 the
1211 2558 1314 2596 river,
1333 2567 1394 2589 are
1409 2553 1612 2588 concerned.
1663 2553 1705 2584 In

188 2604 328 2636 Walter
351 2604 492 2646 Espec‘s
515 2604 663 2646 original
690 2606 805 2646 grant,
833 2603 904 2635 and
990 2603 1106 2635 virtue
1133 2602 1168 2634 of
1194 2602 1267 2633 this
1294 2603 1398 2643 grant
1424 2599 1486 2631 the
1510 2597 1624 2638 abbey
1649 2596 1705 2628 be-

188 2648 250 2680 the
266 2647 467 2679 endeavour
482 2647 584 2679 made
607 2648 643 2679 in
667 2648 728 2679 the
752 2651 852 2679 notes
868 2650 905 2679 to
991 2657 1105 2678 comes
1135 2644 1316 2688 possessed
1353 2644 1388 2675 of
1427 2641 1548 2682 nearly
1580 2641 1607 2672 it·
1645 2641 1708 2671 not

187 2695 296 2729 trace,
316 2691 479 2723 however
501 2691 663 2733 roughly,
682 2691 782 2722 what
803 2701 905 2722 even·
992 2690 1090 2732 quite
1105 2689 1167 2721 the
1183 2688 1296 2720 whole
1313 2687 1348 2719 of
1371 2687 1432 2718 the
1448 2685 1709 2717 southernmost

188 2735 303 2776 tually
313 2735 472 2767 becomes
485 2734 546 2766 the
558 2735 706 2766 Eastern
722 2736 744 2750 ‘⁶
757 2733 906 2773 divisa,’'
993 2733 1121 2775 partos
1137 2733 1235 2764 what
1250 2732 1279 2762 is
1295 2741 1374 2763 now
1390 2729 1452 2761 the
1468 2727 1658 2768 Township
1675 2726 1710 2757 of

190 2779 220 2810 it
234 2777 309 2810 will
324 2778 367 2810 be
383 2778 555 2809 observed
572 2778 663 2816 that,
684 2777 904 2819 practieally,
994 2775 1180 2808 Rievaulx.
1252 2774 1294 2806 In
1332 2774 1416 2811 fact,
1458 2772 1520 2804 the
1566 2771 1636 2801 line
1674 2768 1710 2801 of

189 2822 251 2854 the
267 2824 412 2863 present
435 2825 542 2863 grant
564 2822 604 2860 is,
621 2825 657 2853 to
681 2832 701 2852 a
724 2832 809 2862 very
829 2831 906 2853 con-
994 2819 1180 2861 boundary
1195 2817 1322 2849 named
1340 2818 1421 2848 here
1438 2827 1476 2847 as
1499 2812 1711 2856 proceeding

189 2864 364 2897 siderable
389 2868 524 2902 extent,
555 2864 841 2906 supplementary
871 2866 909 2896 to
994 2864 1085 2895 from
1100 2863 1161 2894 the
1178 2861 1256 2894 ford
1273 2865 1310 2893 at
1327 2862 1502 2902 Sproxton
1521 2857 1600 2889 Mill
1617 2859 1712 2887 must

190 2909 232 2948 it,
260 2919 299 2940 80
326 2908 381 2940 far
405 2919 443 2939 as
473 2908 536 2939 the
567 2908 727 2949 portions
758 2908 794 2939 of
825 2907 909 2939 land
996 2907 1085 2938 have
1101 2905 1227 2948 passed
1244 2915 1327 2945 very
1341 2914 1426 2935 near
1442 2902 1469 2933 if
1482 2905 1544 2932 not
1555 2899 1712 2941 actually

191 2954 228 2984 to
251 2951 313 2983 the
337 2952 442 2984 south
467 2951 504 2983 of
527 2951 588 2983 the
612 2954 911 2983 commencemeut
996 2961 1079 2981 over
1095 2951 1155 2982 the
1171 2949 1238 2980 site
1255 2948 1290 2979 of
1307 2945 1511 2979 Duncombe
1530 2943 1632 2975 Park.
