2033 3242
340 416 406 450 No.

366 472 400 501 L.

236 632 330 689 [18]
351 644 404 675 LI.

336 760 405 789 LII.

317 818 405 847 LIII.

323 875 404 905 LIV.

340 933 404 963 LV.

322 1048 403 1079 LVI.

306 1106 405 1136 LVII.

285 1221 401 1252 LVIII.

315 1280 397 1310 LIX.

337 1395 403 1426 LX.

314 1511 397 1540 LXI.

299 1626 402 1657 LXII.

288 1741 405 1772 LXIII.

292 1800 405 1829 LXIV.

307 1858 401 1888 LXV.

290 1915 401 1946 LXVI.

269 2032 398 2062 LXVII.

257 2090 401 2120 LXVIII.

288 2147 401 2177 LXIX.

308 2205 406 2235 LXX.

294 2263 407 2293 LXXI.

274 2379 406 2409 LXXII.

256 2494 404 2525 Lxxni.

265 2553 409 2583 LXXIV.

146 2599 259 2655 [18¹³]
285 2610 410 2641 Lxxv.

262 2668 408 2698 Lxxvr.

246 2726 409 2757 LXXVII.

234 2784 411 2814 Lxxvm.

264 2841 410 2872 LXXIX.

278 2899 408 2930 Lxxx.

262 2957 406 2987 LXXXI.

561 312 874 343 CARTULARIUM
907 312 1148 342 RIEVALLEN
1155 312 1213 342 SE.
1630 306 1651 341 9

435 461 562 502 Carta
585 460 686 501 Adae
706 460 786 501 filii
817 461 933 501 Petri
963 459 1078 514 quod
1108 473 1194 500 non
1225 459 1443 513 recolliget
1473 458 1654 512 alicujus

489 518 724 572 Religionis
765 519 961 559 homines
1001 518 1048 558 in
1098 523 1232 558 terras
1282 518 1328 557 in
1369 516 1526 570 quibus
1577 530 1653 557 nos

489 576 695 617 habemus
717 576 785 617 vel
806 580 938 617 ‘cerras
959 575 1030 616 vel
1051 581 1256 630 pasturas.

439 634 567 675 Carta
606 634 711 674 Adae
762 634 842 674 filii
894 634 1011 674 Petri
1052 634 1104 674 (16
1154 644 1247 673 XXX
1291 633 1399 673 acris
1440 637 1564 673 terrae
1608 631 1654 672 in

492 691 713 732 Sitlintun.

440 751 567 790 Carta
588 750 779 802 ejusdcm
801 749 853 790 (16
875 748 1176 790 Rumblesmor
1198 754 1240 789 et
1262 747 1537 802 Stainburgh.

441 808 568 847 Carta
589 807 780 860 ejusdem
801 807 853 848 (16
876 806 1084 848 Sitlinton
1105 813 1148 848 et
1169 806 1363 847 Floctun.

439 865 567 906 Carta
588 865 741 918 Rogcri
765 865 843 905 filii
866 865 984 905 Petri
1006 865 1058 905 (16
1079 864 1289 919 eis[dem].

440 923 718 964 Confirmatio
755 922 863 963 Adae
898 922 978 963 filii
1014 922 1131 963 Petri
1167 922 1219 963 (16
1250 922 1478 962 donatione
1501 920 1655 975 Rogeri

490 981 634 1021 fratris
656 981 756 1034 ejus.

438 1038 714 1079 Confirmatio
738 1038 917 1078 chrici
939 1038 991 1078 (16
1013 1038 1115 1078 Laci
1136 1038 1188 1078 (16
1211 1036 1480 1091 Hogawaith.

440 1096 568 1137 Carta
608 1096 713 1136 Adae
752 1096 831 1136 filii
874 1095 991 1136 Petri
1028 1096 1079 1136 (16
1112 1100 1279 1136 mortuo
1314 1095 1438 1136 bosco
1475 1098 1658 1148 quatuor

490 1154 702 1194 villarum.

435 1211 562 1252 Carta
584 1211 751 1252 Mathci
772 1211 850 1251 filii
874 1210 975 1251 Saxi
992 1211 1045 1251 (16
1065 1212 1242 1251 favcrca.

432 1270 559 1310 Carta
580 1270 777 1322 Hugonis
809 1269 877 1309 dcl
899 1268 1000 1309 Tuit
1022 1269 1073 1309 (16
1103 1272 1225 1322 prato
1248 1267 1520 1321 Rochcbergc
1541 1270 1585 1308 et
1606 1267 1657 1307 (16

491 1327 695 1368 Edestun.

435 1384 563 1425 Carta
584 1384 766 1426 Jordani
787 1384 838 1425 (16
861 1383 1012 1425 Bussei
1029 1384 1081 1424 (16
1102 1383 1281 1424 dimidia
1297 1387 1515 1424 carrucata
1535 1386 1658 1423 terrae

489 1443 537 1482 in
559 1442 752 1483 Boeltun.

431 1500 558 1541 Carta
581 1500 786 1540 Bertrami
812 1499 863 1540 (16
886 1499 1088 1541 Bulemcr
1108 1499 1161 1541 (16
1182 1513 1269 1539 una
1291 1502 1510 1540 carrucata
1535 1503 1658 1539 tcrrae

491 1558 537 1597 in
559 1558 846 1599 XVellcburna.

434 1615 562 1656 Carta
584 1616 771 1657 Asccriae
803 1616 855 1657 (16
887 1629 974 1656 una
1009 1621 1229 1656 carrucata
1260 1619 1383 1656 terrae
1418 1614 1466 1654 in
1496 1613 1656 1655 Welle-

490 1674 637 1715 burna.
825 1704 827 1707 .

440 1731 568 1772 Carta
589 1731 766 1772 Robcrti
788 1731 839 1772 dc
862 1731 1096 1772 Stutavilla
1116 1731 1169 1772 (16
1189 1735 1310 1785 prato
1334 1730 1612 1785 Rokesbcrge.

440 1790 567 1830 Carta
588 1790 617 1831 J
621 1790 801 1834 ohannis
824 1789 1059 1830 Malhcrbe.

437 1848 565 1888 Carta
587 1848 796 1888 Willclmi
818 1848 896 1888 filii
918 1846 1102 1888 Godrici.

437 1906 564 1946 Carta
600 1906 777 1947 Roberti
808 1905 887 1945 filii
919 1905 1132 1946 Willclmi
1169 1904 1221 1946 de
1258 1904 1425 1946 duabus
1461 1903 1570 1945 acris
1611 1904 1657 1942 in

491 1963 702 2004 territorio
724 1964 769 2003 in
790 1964 1081 2018 Wirkesburg.

434 2022 561 2062 Carta
582 2021 760 2062 Henrici
782 2021 860 2061 filii
883 2021 1028 2062 Suani.

436 2080 563 2120 Carta
584 2080 692 2120 Adae
713 2079 793 2119 filii
816 2080 918 2120 Orm
941 2079 993 2120 (16
1016 2079 1178 2120 Pilleia.

436 2137 758 2191 Cyrographum
775 2137 889 2178 inter
910 2151 986 2178 nos
1009 2143 1052 2178 ct
1072 2137 1216 2177 Adam
1237 2136 1289 2178 (16
1312 2135 1524 2177 Bolthcbi.

440 2195 569 2236 Carta
588 2195 696 2235 Adae
717 2195 770 2236 (16
792 2195 1000 2236 Bolthebi.

442 2253 569 2294 Carta
612 2253 819 2294 Bernardi
862 2253 915 2294 (16
958 2252 1081 2294 136101
1127 2253 1179 2294 (16
1224 2252 1407 2306 piscaria
1452 2251 1498 2292 in
1539 2250 1656 2291 Neu-

494 2311 662 2352 husum.

441 2368 568 2409 Carta
601 2368 809 2409 Bernardi
851 2368 903 2409 (16
939 2368 1061 2409 Baiol
1103 2369 1155 2410 (16
1197 2368 1400 2409 Tesedale
1451 2370 1494 2408 et
1534 2366 1655 2407 Wes-

495 2426 668 2468 terdale.

439 2484 567 2525 Carta
588 2484 760 2525 Ricardi
781 2484 861 2524 filii
883 2484 1075 2526 Turstini
1096 2484 1148 2526 (16
1170 2483 1444 2525 Normanebi.

443 2542 571 2583 Carta
592 2542 767 2583 Robcrti
788 2542 867 2583 filii
890 2543 1074 2584 Ricardi.

444 2601 571 2641 Carta
592 2600 763 2641 Ricardi
785 2600 926 2641 Losth.

443 2658 719 2699 Confirmatio
742 2658 849 2699 Adae
870 2659 922 2699 (16
944 2658 1063 2700 Brus.

444 2715 570 2756 Carta
593 2716 803 2757 Willehni
825 2716 1054 2771 Engelram
1078 2715 1129 2757 (16
1150 2715 1430 2769 Wclleberga.

446 2774 720 2814 Confirmatio
743 2774 850 2814 Adae
872 2774 924 2815 dc
947 2775 1057 2815 Brus
1079 2774 1129 2815 de
1151 2774 1430 2827 Wcllcbcrga.

445 2832 572 2872 Carta
594 2831 803 2873 Willclmi
826 2832 1053 2886 Engclram
1075 2832 1127 2873 (16
1150 2831 1442 2873 Hcsclertona.

441 2889 570 2930 Carta
591 2889 620 2929 J
623 2888 771 2930 ordani
793 2890 907 2930 Pacu
931 2890 983 2930 (16
1006 2890 1205 2931 Broctun.

441 2947 567 2988 Carta
588 2947 718 2988 Alani
742 2948 855 2988 Barn
878 2947 930 2988 (16
953 2948 1154 2988 Broctun.
