2033 3242
406 262 487 299 416
840 268 1150 299 GARTULARIUM
1172 267 1481 299 RIEVALLENSE.

403 372 658 424 Pykerynge,
680 386 813 412 coram
841 371 1015 411 Ricardo
1035 371 1085 410 de
1107 371 1355 423 Wylughby,
1377 372 1555 411 Roberto
1574 372 1624 412 de
1654 372 1917 423 Hungerford

404 432 445 465 et
464 426 491 465 J
495 427 650 466 ohanne
679 427 729 466 de
759 427 982 476 Hambury,
1012 425 1255 465 Justiciariis
1284 426 1335 464 ad
1368 426 1647 465 Itinerandum
1680 427 1731 466 ad
1762 427 1916 466 Placita

402 481 562 520 forestae
599 481 641 519 in
679 481 711 519 F
715 486 846 520 oresta
884 480 1060 528 Henrici,
1101 480 1271 519 Comitis
1304 479 1558 528 Lancastriae,
1588 481 1637 519 de
1671 480 1916 533 Pykerynge

404 535 625 586 assignatis,
665 535 730 573 die
768 535 872 572 lunae
911 534 1096 585 proximo
1135 539 1227 585 post
1262 533 1412 572 festum
1461 534 1497 573 S.
1540 534 1761 582 Michaelis,
1802 537 1854 573 Α0
1883 549 1912 574 r.

402 589 525 640 Regis
561 589 750 627 Edwardi
781 588 894 627 tertii
928 602 950 627 a
983 588 1216 639 Oonquestu
1249 593 1400 626 octavo.
1471 588 1609 627 Abbas
1643 589 1692 627 de
1720 589 1836 640 Ryev
1827 588 1915 628 alle

403 643 548 681 clamat
580 643 622 681 in
659 643 846 681 maneriis
884 642 965 680 suis
1003 642 1053 681 de
1086 642 1352 692 KekmareyS‚
1386 642 1516 690 Lund,
1552 643 1771 691 Neustede,
1805 643 1917 682 Loft-

402 710 592 748 marreys,
625 710 714 735 cum
746 696 1002 748 pertinenciis
1036 696 1126 744 suis,
1163 696 1301 734 domos
1333 701 1373 734 et
1403 696 1622 734 bercariam
1652 696 1846 736 aedificare
1873 702 1914 736 et

402 757 529 789 terras
549 751 591 789 in
611 751 812 801 praedictis
831 751 1019 789 maneriis
1040 764 1111 802 pro
1130 750 1340 789 voluntate
1361 763 1432 788 sua
1452 750 1493 788 in
1514 751 1712 789 culturam
1731 751 1912 803 redigere

403 810 444 844 et
464 819 671 844 exercere:
701 810 742 843 et
762 806 882 844 etiam
902 804 1010 855 quod
1039 804 1172 842 nullus
1191 804 1375 842 minister
1394 804 1551 843 forestae
1572 810 1642 843 aut
1661 805 1761 844 alius
1789 805 1914 844 fores-

403 860 529 897 tarius
568 873 608 898 se
643 859 857 910 quicquam
895 859 935 897 in
974 859 1161 897 maneriis
1200 858 1401 910 praedictis
1439 858 1698 906 intromittat,
1746 865 1917 911 excepto

403 920 563 952 tantum
583 913 632 952 de
653 914 878 960 venatione,
901 917 1047 964 praeter
1065 913 1198 963 ipsum
1217 912 1420 950 Abbatem
1440 918 1480 951 et
1499 912 1702 952 ministros
1724 926 1815 952 suos
1834 929 1841 952 :
1872 919 1913 952 et

402 968 524 1006 etiam
553 968 724 1018 agistare
753 981 825 1018 pro
844 968 1054 1006 voluntate
1074 980 1146 1005 sua
1165 967 1206 1004 in
1226 966 1414 1009 maneriis
1441 966 1665 1017 praedictis:
1694 967 1758 1015 Et,
1781 968 1913 1018 quoad

402 1021 487 1070 hoc,
511 1022 618 1072 quod
639 1022 783 1060 clamat
803 1022 844 1060 in
865 1021 1053 1059 maneriis
1082 1021 1163 1059 suis
1183 1020 1323 1059 domos
1344 1026 1385 1059 et
1405 1021 1622 1059 bercariam
1643 1021 1848 1069 aedificare,
1871 1028 1912 1060 et

402 1081 529 1114 terras
548 1076 590 1114 in
611 1076 811 1126 praedictis
832 1075 1019 1114 maneriis
1039 1088 1110 1125 pro
1131 1074 1341 1113 voluntate
1362 1088 1432 1113 sua
1451 1075 1492 1112 in
1514 1075 1712 1113 culturam
1732 1075 1912 1126 redigere

402 1135 443 1169 et
472 1143 666 1177 exercere,
698 1130 797 1168 dicit
825 1129 933 1181 quod
963 1129 1126 1180 quidam
1154 1128 1294 1167 Abbas
1323 1128 1372 1167 de
1407 1129 1610 1180 Ryevalle,
1646 1129 1915 1179 praedecessor

402 1198 508 1232 suus,
540 1185 609 1235 qui
637 1184 721 1235 jam
751 1184 851 1223 obiit
879 1184 1051 1222 durante
1080 1183 1224 1222 itinere
1254 1184 1342 1231 isto,
1365 1182 1461 1221 alias
1491 1184 1625 1234 posuit
1654 1183 1910 1222 clamantiam

400 1238 643 1290 praedictam,
666 1244 707 1276 et
722 1238 826 1276 dixit
842 1238 949 1289 quod
969 1237 1167 1276 Dominus
1188 1237 1399 1285 Henricus,
1417 1237 1620 1288 quondam
1635 1237 1725 1275 Rex
1740 1237 1911 1288 Angliae,

401 1293 633 1343 progenitor
652 1292 817 1331 Domini
837 1292 959 1343 Regis
989 1305 1107 1340 nunc,
1130 1291 1243 1330 dedit
1263 1296 1303 1330 et
1324 1297 1431 1329 carta
1451 1304 1522 1330 sua
1542 1291 1794 1330 confirmavit
1822 1291 1912 1330 Deo

401 1352 442 1385 et
463 1347 500 1385 S.
524 1347 663 1385 Mariae
693 1352 734 1385 et
762 1346 947 1385 Ecclesiae
977 1360 1057 1384 suae
1077 1346 1127 1384 de
1147 1345 1340 1396 Ryevalle
1369 1376 1376 1384 .
1410 1376 1417 1384 .
1450 1377 1457 1384 .
1491 1359 1563 1396 pro
1583 1346 1716 1384 anima
1736 1345 1911 1385 Gloriosi

400 1400 522 1451 Regis
561 1400 738 1448 Henrici‚
778 1401 842 1439 avi
881 1400 952 1448 sui,
990 1406 1031 1438 et
1068 1414 1140 1451 pro
1179 1400 1310 1438 anima
1344 1405 1415 1438 ete.
1447 1399 1489 1438 in
1519 1431 1526 1438 .
1558 1430 1565 1438 .
1600 1430 1607 1438 .
1641 1399 1908 1447 elemosinam,

400 1460 532 1494 totum
551 1460 710 1493 vastum
740 1468 854 1493 suum
885 1460 925 1492 et
954 1459 1081 1492 totam
1115 1460 1318 1505 pasturam
1347 1467 1459 1492 suam
1488 1453 1628 1492 subtus
1655 1453 1911 1505 Pykerynge,

400 1523 490 1547 cum
529 1509 785 1560 pertinenciis
819 1509 925 1557 suis,
963 1508 1004 1546 in
1039 1521 1118 1558 quo
1152 1508 1315 1559 quidem
1353 1513 1467 1546 vasto
1505 1508 1682 1546 maneria
1719 1508 1911 1558 praedicta

399 1563 519 1601 modo
548 1563 697 1601 situata
730 1568 834 1610 sunt,
863 1562 904 1600 in
939 1562 1063 1613 pratis
1090 1567 1131 1600 et
1166 1562 1347 1613 pasturis,
1387 1562 1429 1599 in
1458 1562 1570 1612 aquis
1599 1567 1640 1600 et
1665 1561 1843 1613 piscariis
1870 1568 1911 1601 et

401 1617 651 1664 molendinis,
675 1621 715 1655 et
734 1617 777 1655 in
804 1616 989 1655 omnibus
1018 1615 1104 1654 aliis
1133 1617 1263 1663 rebus,
1286 1629 1357 1666 per
1387 1621 1515 1654 certas
1544 1621 1671 1654 metas
1701 1616 1743 1654 in
1770 1616 1910 1655 eadem

399 1676 509 1709 carta
528 1676 736 1709 contentas
751 1686 761 1719 3
790 1670 984 1709 concessit
1004 1670 1125 1708 etiam
1145 1670 1254 1721 quod
1282 1670 1388 1708 infra
1413 1669 1519 1720 ipsas
1539 1669 1687 1708 divisas
1709 1670 1847 1709 domos
1868 1676 1910 1709 et

399 1726 616 1764 bercariam
646 1725 794 1763 ibidem
815 1724 1013 1763 aedificent
1033 1730 1073 1762 et
1092 1729 1240 1762 terram
1261 1737 1372 1761 suam
1401 1724 1550 1762 ibidem
1580 1724 1713 1762 colant
1732 1729 1773 1762 et
1802 1737 1909 1762 exer-

398 1786 514 1818 ceant
543 1793 614 1830 pro
642 1779 851 1817 voluntate
880 1792 961 1826 sua,
993 1782 1033 1816 et
1061 1778 1136 1816 hoc
1163 1777 1379 1828 praetendit
1406 1778 1621 1824 verificare,
1642 1783 1762 1828 prout
1788 1777 1909 1817 Curia

399 1834 695 1872 consideratum
715 1838 755 1871 et
783 1832 1039 1884 postmodum
1069 1845 1140 1883 per
1167 1832 1372 1870 ministros
1401 1832 1526 1882 ipsius
1554 1832 1714 1870 forestae
1735 1845 1908 1882 comper-

398 1894 485 1926 tum
514 1888 603 1935 fuit,
636 1887 743 1938 quod
773 1887 880 1925 idem
900 1887 1036 1924 Abbas
1065 1891 1106 1924 et
1135 1899 1271 1924 omnes
1300 1885 1607 1936 praedecessores
1627 1885 1688 1923 sui
1708 1884 1784 1923 loci
1812 1899 1908 1936 prae·

397 1942 495 1980 dicti
516 1955 671 1992 semper
690 1955 713 1979 a
732 1946 911 1991 tempore
931 1940 1158 1978 donationis
1174 1946 1214 1978 et
1235 1939 1545 1978 confirmationis
1561 1945 1677 1977 cartae
1694 1938 1903 1989 praedictae,

399 1996 549 2034 virtute
571 1995 761 2046 ejusdem,
783 1995 846 2033 usi
867 1995 1027 2033 fuerant
1047 1994 1184 2032 domos
1205 1999 1245 2032 et
1265 1994 1460 2032 bercarias
1481 1993 1630 2032 ibidem
1651 1993 1846 2032 aedificare
1866 2000 1907 2031 et

399 2056 548 2089 terram
577 2063 689 2088 suam
719 2049 847 2088 colere
878 2054 918 2087 et
946 2061 1129 2087 exercere
1158 2061 1229 2099 pro
1249 2048 1458 2086 voluntate
1487 2061 1570 2093 sua,
1592 2061 1663 2098 per
1682 2047 1790 2098 quod
1819 2061 1908 2086 con-

400 2105 618 2142 sideratum
639 2104 716 2141 fuit
737 2103 844 2153 quod
873 2103 979 2141 idem
1000 2102 1136 2141 Abbas
1165 2102 1393 2140 libertatem
1423 2102 1653 2152 praedictam
1681 2101 1848 2140 haberet
1867 2111 1907 2140 et

399 2158 601 2210 gauderet,
625 2158 699 2195 sibi
721 2164 761 2195 et
787 2157 1077 2195 successoribus
1107 2156 1199 2204 suis,
1231 2157 1514 2207 inpeipetuum
1543 2162 1641 2194 etc.:
1671 2155 1725 2193 Et
1753 2155 1803 2194 de
1831 2155 1906 2194 hoc

399 2218 514 2250 vocat
534 2211 744 2250 reco1dum
773 2211 997 2250 rotulorum
1016 2211 1133 2249 istius
1152 2188 1307 2248 itineris
1330 2215 1400 2248 ete.
1460 2210 1514 2248 Et
1542 2209 1733 2260 inspectis
1762 2209 1907 2248 rotulis

399 2266 600 2317 praedictis
629 2265 703 2304 hoc
732 2265 838 2304 idem
868 2270 1117 2315 compertum
1146 2269 1207 2303 est
1234 2264 1276 2302 in
1306 2264 1467 2302 eisdem.
1526 2263 1623 2302 Ideo
1643 2263 1749 2301 idem
1769 2263 1907 2302 Abbas

399 2319 531 2371 quoad
551 2320 636 2367 hoc,
654 2319 749 2358 inde
765 2319 848 2357 sine
869 2318 943 2366 die,
962 2319 1072 2357 salvo
1092 2331 1247 2368 semper
1267 2318 1355 2368 jure
1376 2323 1446 2356 ete.
1501 2317 1552 2356 Et
1568 2317 1699 2368 quoad
1719 2317 1906 2356 clamium

399 2374 507 2425 quod
537 2374 643 2412 idem
662 2373 800 2412 Abbas
822 2373 890 2424 qui
919 2386 1024 2410 nunc
1046 2377 1106 2411 est
1126 2373 1221 2410 facit
1241 2372 1347 2423 quod
1376 2371 1509 2410 nullus
1537 2372 1720 2409 minister
1747 2371 1907 2410 forestae

400 2433 469 2466 aut
489 2427 588 2466 alius
609 2427 841 2466 forestarius
862 2440 901 2465 se
922 2427 1134 2477 quicquam
1154 2426 1194 2464 in
1215 2426 1387 2464 manelis
1416 2425 1617 2476 praedictis
1646 2425 1903 2471 intromittat,

399 2487 567 2533 excepta
595 2486 753 2519 tantum
773 2481 822 2519 de
841 2480 1065 2528 venatione,
1088 2485 1234 2531 praeter
1261 2480 1392 2530 ipsum
1412 2480 1613 2518 Abbatern
1634 2485 1675 2517 et
1702 2479 1905 2517 ministros

398 2549 499 2582 suos,
534 2540 575 2573 et
608 2534 714 2586 quod
743 2535 913 2585 agistare
943 2535 1069 2585 possit
1097 2547 1169 2585 pro
1203 2534 1410 2572 voluntate
1444 2547 1515 2571 sua
1544 2533 1585 2571 in
1618 2532 1776 2581 eisdem,
1809 2532 1906 2571 dicit

398 2567 505 2640 quod
534 2589 641 2627 idem
670 2589 867 2627 Dominus
898 2588 1106 2635 Hernicus,
1138 2588 1340 2638 quondam
1359 2588 1448 2625 Rex
1477 2587 1643 2638 Angliae,
1676 2586 1906 2637 progenitor

397 2643 559 2682 Domini
581 2643 702 2693 Regis
721 2655 838 2690 nunc,
861 2655 932 2692 per
951 2647 1100 2680 cartam
1121 2655 1232 2679 suam
1252 2641 1495 2692 praedictam,
1517 2654 1635 2691 quam
1657 2640 1719 2678 hic
1740 2640 1904 2692 profert,

397 2697 603 2749 prohibuit
622 2710 672 2735 ne
692 2696 835 2746 aliquis
863 2696 967 2734 infra
986 2695 1194 2746 praedictas
1223 2701 1350 2734 metas
1370 2708 1459 2733 cum
1489 2695 1630 2733 averiis
1658 2694 1819 2741 intrare,
1840 2693 1905 2731 vel

396 2752 555 2790 turbam
584 2750 733 2797 fodere,
755 2749 818 2788 vel
847 2750 888 2787 in
918 2749 1051 2800 aliqua
1080 2763 1121 2788 re
1151 2762 1191 2788 se
1220 2749 1500 2796 intromittere,
1531 2748 1642 2787 nullo
1671 2748 1790 2786 modo
1810 2760 1907 2798 prae-

397 2806 593 2844 sumeret1
632 2804 716 2842 sine
754 2803 917 2842 licencia
955 2809 995 2841 et
1032 2803 1241 2842 voluntate
1275 2816 1424 2850 eorum,
1461 2815 1579 2853 super
1611 2802 1904 2840 forisfacturam

397 2873 506 2898 suam
523 2874 533 2907 3
562 2863 603 2897 et
623 2857 731 2909 quod
751 2857 835 2896 haec
855 2857 988 2896 omnia
1009 2857 1238 2908 optinerent
1257 2857 1298 2895 in
1319 2856 1485 2895 liberam
1514 2855 1782 2903 elemosinam,
1803 2859 1844 2893 et
1863 2854 1903 2892 in

1010 2935 1020 2955 ¹
1047 2936 1287 2967 Prwsumerat.
