2033 3242
357 229 379 265 2
386 228 408 265 8
416 229 437 265 2
793 235 1109 265 CARTULARIUM
1130 235 1314 265 RIEVALL
1320 235 1436 265 ENSE.

357 355 455 383 cum
476 340 763 395 pertinenciis,
776 340 823 380 in
841 339 1056 388 Grenhou‚
1074 339 1127 379 ad
1148 340 1412 382 occidentem
1433 344 1598 394 partem
1615 340 1666 382 de
1683 340 1875 395 Hagges-

357 403 466 454 gate,
488 399 670 452 desuper
691 398 869 439 eandem
889 398 1006 438 viam
1026 411 1174 438 versus
1197 398 1462 440 occidentem
1482 412 1618 452 usque
1639 399 1693 439 ad
1715 399 1876 439 divisas

358 458 410 498 de
432 456 690 506 Bildesdala‚
715 461 757 497 et
788 470 841 496 ex
872 455 957 496 alia
980 460 1100 509 parte
1125 469 1261 509 usque
1282 456 1336 496 ad
1357 456 1514 497 divisas
1539 457 1717 510 Majoris
1746 457 1875 497 Broc-

357 515 501 563 tuniae,
524 519 566 555 et
587 515 638 555 de
661 514 808 554 eadem
821 513 892 554 via
912 513 1046 554 libera
1068 513 1150 553 sibi
1171 517 1213 554 et
1233 513 1480 555 hominibus
1502 520 1544 556 et
1565 516 1742 556 carectis
1763 515 1875 555 suis:

359 573 686 614 Concessionem
710 572 887 624 insuper
916 603 924 613 .
957 603 965 612 .
998 605 1006 613 .
1039 585 1145 625 quas
1178 571 1421 625 Stephanus
1442 572 1494 613 de
1525 572 1675 621 Menil,
1695 573 1810 613 filius
1833 577 1877 613 et

357 631 492 671 hzeres
515 630 691 670 Roberti
712 630 763 670 de
785 629 936 678 Menil,
969 662 976 669 .
1010 662 1018 670 .
1050 662 1057 670 .
1092 629 1193 670 fecit
1213 630 1307 670 Deo
1339 663 1348 670 .
1380 662 1388 671 .
1421 663 1429 671 .
1462 630 1514 671 de
1535 634 1625 671 tota
1646 630 1876 671 donatione

358 688 567 741 Stephani
589 688 640 728 de
662 687 811 736 Menil,
833 687 903 728 avi
923 687 1002 736 sui,
1023 687 1070 727 in
1092 687 1321 728 Grenehou
1339 702 1348 729 :
1376 688 1665 729 Donationem
1682 689 1814 729 etiam
1834 692 1878 729 et

358 746 725 788 confirmationem
761 759 867 799 quas
903 745 1122 786 Walterus
1157 746 1272 786 filius
1304 745 1526 799 Ranulphi
1558 746 1610 787 de
1647 746 1878 787 Grenehou

359 837 368 847 .
400 837 408 845 .
441 837 449 844 .
482 804 584 844 fecit
624 804 717 844 Deo
749 835 757 845 .
789 837 797 845 .
830 837 838 844 .
872 803 923 844 de
965 803 1131 844 duabus
1169 803 1277 844 acris
1316 807 1439 844 terrae
1475 804 1521 844 in
1559 804 1798 854 Grenehou,
1830 804 1878 844 in

359 862 660 910 Hertebrekes,
681 875 779 902 cum
811 861 1010 902 omnibus
1040 861 1319 915 pertinenciis
1345 862 1456 902 suis:
1488 862 1778 903 Donationem
1808 862 1875 902 in-

357 934 496 973 super,
528 920 895 961 confirmationem
921 924 963 960 et
989 920 1180 973 quietam
1211 920 1490 960 clamanciam
1522 933 1627 973 quas
1657 920 1879 961 Walterus

358 978 472 1019 filius
504 977 726 1031 Ranulphi
757 1012 765 1019 .
798 1011 806 1018 .
838 1010 845 1018 .
880 978 982 1018 fecit
1002 978 1095 1018 Deo
1127 1011 1135 1018 .
1168 1011 1176 1019 .
1209 1010 1217 1019 .
1249 978 1302 1018 de
1324 982 1415 1018 tota
1445 982 1556 1018 terra
1576 991 1706 1031 quam
1726 977 1880 1019 habuit

357 1037 471 1076 infra
492 1036 699 1076 fossatum
721 1039 764 1076 et
785 1035 1026 1076 clausuram
1053 1049 1210 1085 eorum,
1231 1035 1345 1076 inter
1371 1039 1505 1076 terras
1531 1040 1573 1076 et
1604 1036 1716 1076 infra
1741 1041 1879 1077 metas

357 1108 464 1148 quas
500 1094 710 1134 Robertus
744 1094 795 1134 de
829 1094 988 1134 Mainil
1029 1093 1147 1134 dedit
1188 1094 1247 1135 eis
1280 1094 1326 1134 in
1360 1094 1600 1143 Gmneh0u,
1633 1099 1676 1134 et
1704 1093 1756 1135 de
1787 1097 1880 1134 tota

358 1165 586 1193 communa
616 1165 746 1205 quam
776 1152 891 1192 idem
912 1151 1125 1192 Walterus
1151 1152 1304 1193 habuit
1325 1152 1371 1192 in
1392 1152 1519 1193 bosco
1541 1152 1732 1205 ejusdem
1753 1151 1881 1201 villae,

359 1224 457 1251 cuin
486 1210 789 1264 pertinenciis:
823 1210 1152 1251 Concessionem
1183 1210 1313 1251 etiam
1343 1242 1351 1250 .
1385 1243 1392 1251 .
1426 1243 1434 1251 .
1466 1223 1572 1263 quas
1595 1210 1737 1251 Adam
1764 1210 1879 1250 Barn

358 1268 410 1309 de
425 1269 666 1309 Broctona.
699 1301 707 1308 .
741 1268 874 1309 ,fecit
894 1268 988 1309 Deo
1019 1300 1027 1309 .
1061 1301 1069 1309 .
1102 1301 1109 1309 .
1143 1268 1298 1309 deuna
1320 1272 1518 1309 carucata
1533 1272 1656 1309 terrae
1673 1281 1771 1308 cum
1787 1281 1880 1321 per—

358 1326 571 1374 tinenciis,
601 1326 647 1366 in
685 1326 912 1367 Grenhou:
949 1326 1238 1367 Donationem
1270 1326 1446 1379 insuper
1477 1359 1485 1367 .
1517 1360 1524 1367 .
1559 1359 1566 1367 .
1599 1339 1706 1379 quas
1736 1326 1882 1379 Drogo

358 1384 474 1424 filius
495 1384 708 1424 Willelmi
730 1384 781 1424 de
804 1385 972 1424 Harum
1003 1416 1011 1426 .
1045 1418 1053 1426 .
1086 1417 1094 1425 .
1127 1384 1231 1425 fecit
1252 1385 1345 1425 Deo
1377 1417 1385 1426 .
1418 1417 1426 1425 .
1459 1417 1467 1425 .
1500 1384 1553 1425 de
1575 1384 1741 1424 duabus
1772 1384 1880 1424 acris

358 1442 484 1496 prati,
516 1455 614 1482 cum
649 1442 941 1495 pertinenciis,
974 1442 1021 1482 in
1053 1442 1251 1483 Harum:
1287 1442 1579 1483 Donationem
1615 1442 1757 1491 etiam,
1789 1475 1796 1482 .
1829 1474 1837 1482 .
1872 1475 1880 1482 .

359 1513 466 1553 quas
488 1499 739 1541 Willehnus
771 1500 823 1540 de
854 1500 1035 1549 Harum,
1066 1500 1181 1541 filius
1212 1500 1427 1554 Drogonis
1450 1500 1502 1541 de
1533 1501 1714 1549 Harum,
1744 1499 1895 1548 miles,

360 1592 368 1599 .
401 1591 408 1599 .
441 1592 448 1598 .
482 1558 585 1598 fecit
614 1558 709 1599 Deo
740 1591 748 1598 .
783 1591 790 1598 .
824 1591 831 1598 .
865 1558 917 1599 de
947 1562 1038 1598 toto
1069 1559 1145 1599 illo
1176 1562 1296 1612 prato
1329 1559 1441 1612 quod
1473 1562 1651 1599 vocatur
1682 1558 1881 1599 Gocelin-

359 1616 531 1669 henges,
568 1629 666 1656 cum
702 1616 1006 1670 pertinenciis:
1058 1617 1387 1657 Concessionem
1427 1617 1614 1671 insuper,
1651 1650 1658 1657 .
1692 1650 1700 1658 .
1734 1650 1741 1657 .
1775 1629 1880 1670 quas

358 1674 607 1714 VVillelmus
648 1674 700 1714 de
742 1674 922 1723 Harum,
964 1674 1098 1723 miles,
1139 1707 1146 1716 .
1185 1708 1192 1715 .
1232 1708 1240 1716 .
1277 1675 1379 1715 fecit
1419 1675 1513 1715 Deo
1550 1708 1557 1715 .
1597 1707 1605 1716 .
1644 1707 1652 1715 .
1690 1674 1742 1715 de
1788 1677 1880 1714 toto

358 1732 436 1772 illo
466 1736 590 1785 prato
612 1731 726 1786 quod
756 1736 935 1772 vocatur
967 1732 1287 1786 Gocelinenges,
1319 1746 1419 1773 cum
1448 1733 1739 1785 pertinenciis,
1765 1732 1880 1785 quod

358 1789 605 1830 habuerunt
640 1804 693 1831 ex
723 1790 952 1830 donatione
989 1795 1306 1831 antecessorum
1348 1804 1547 1830 suorum:
1587 1790 1880 1830 Donationem

359 1848 502 1897 etiam,
534 1880 542 1888 .
575 1881 582 1888 .
616 1881 624 1889 .
657 1861 763 1901 quas
780 1848 809 1889 J
813 1848 1001 1889 ohannes
1018 1848 1133 1888 filius
1151 1848 1415 1896 Theodorici,
1430 1848 1584 1889 Clerici
1601 1848 1652 1889 de
1666 1848 1881 1888 Haumes-

359 1906 438 1955 lac,
471 1939 478 1946 .
513 1939 520 1946 .
553 1939 560 1946 .
594 1906 696 1946 fecit
732 1906 826 1947 Deo
867 1939 875 1947 .
918 1939 926 1946 .
969 1939 977 1946 .
1021 1906 1072 1946 de
1118 1906 1284 1947 duabus
1326 1906 1434 1947 acris
1480 1906 1605 1959 prati,
1647 1920 1745 1946 cum
1785 1919 1878 1959 per-

359 1963 572 2012 tinenciis,
621 1964 669 2004 in
719 1967 840 2017 prato
881 1964 934 2005 de
984 1964 1180 2005 Harum:
1230 1965 1520 2005 Donationem
1570 1964 1758 2017 insuper,
1789 1996 1796 2005 .
1830 1997 1837 2004 .
1871 1996 1880 2004 .

360 2035 468 2075 quas
514 2022 722 2062 Ricardus
763 2022 1010 2076 Malebysse
1041 2055 1048 2063 .
1081 2055 1089 2063 .
1123 2056 1130 2063 .
1163 2022 1267 2063 fecit
1305 2022 1400 2063 Deo
1433 2055 1440 2063 .
1478 2056 1486 2064 .
1519 2055 1527 2063 .
1561 2022 1613 2063 de
1653 2026 1766 2063 terra
1804 2021 1881 2062 illa

361 2081 408 2120 in
431 2079 630 2120 Scaltona
646 2094 741 2133 quae
757 2085 934 2121 vocatur
956 2080 1317 2134 Oswaldesenges,
1333 2085 1375 2121 et
1392 2080 1444 2121 de
1466 2081 1684 2121 communi
1705 2082 1880 2134 pastura

361 2138 479 2178 bosci
500 2137 553 2178 de
576 2138 776 2178 Scaltona
798 2143 840 2179 et
862 2138 1186 2179 Brochesheved
1217 2152 1353 2192 usque
1375 2138 1429 2178 ad
1451 2138 1609 2179 divisas
1630 2138 1742 2179 inter
1764 2137 1878 2179 Scal-

362 2199 509 2236 tonam
531 2198 573 2236 et
595 2196 881 2249 Sproxtonam
903 2196 956 2237 ad
987 2210 1062 2237 sex
1084 2200 1324 2237 carrucatas
1355 2196 1496 2245 boum,
1518 2201 1560 2237 et
1582 2196 1634 2237 de
1655 2200 1747 2236 tota
1768 2201 1880 2236 terra

364 2253 417 2293 ad
439 2253 592 2306 pedem
613 2254 773 2294 montis
795 2254 870 2308 qui
891 2259 1069 2295 vocatur
1100 2254 1418 2303 Brockesholes,
1441 2259 1484 2295 et
1507 2255 1558 2294 de
1579 2253 1879 2295 Aldenetoftes

364 2311 417 2351 ab
441 2311 790 2365 Oswaldesenges
823 2325 956 2365 usque
988 2312 1041 2352 ad
1062 2312 1186 2353 illum
1208 2312 1350 2353 locum
1381 2312 1455 2352 ubi
1477 2311 1679 2352 Linholm
1693 2310 1707 2333 ¹
1729 2311 1879 2351 finitur

364 2369 410 2409 in
431 2374 552 2423 parte
584 2370 762 2410 australi
793 2370 947 2410 subtus
976 2370 1288 2419 Aldenetostes,
1324 2373 1374 2410 ut
1409 2370 1569 2410 faciant
1605 2370 1815 2410 fossatum
1836 2373 1879 2410 et

366 2427 526 2468 ducant
562 2427 688 2467 Riam
724 2441 854 2481 quam
894 2428 1069 2482 propius
1110 2432 1301 2469 montem
1342 2428 1568 2477 voluerint,
1609 2433 1653 2468 et
1691 2427 1880 2468 habeant

365 2490 501 2525 totam
522 2489 680 2525 terram
702 2499 796 2538 quae
818 2486 1039 2527 devenerit
1069 2500 1216 2527 versus
1238 2491 1396 2526 terram
1417 2499 1562 2526 eorum
1585 2486 1636 2526 de
1669 2485 1802 2526 Griffe
1824 2484 1879 2524 ad

365 2542 617 2583 orientalem
657 2548 823 2596 partem
865 2557 987 2597 aquae
1023 2544 1171 2597 ipsius,
1208 2548 1251 2585 et
1286 2544 1338 2584 de
1380 2544 1499 2584 fonte
1539 2544 1737 2598 guttariae
1774 2556 1877 2594 sum,

365 2600 497 2641 libere
534 2600 779 2641 habendum
816 2606 858 2641 et
895 2602 1179 2655 reparandum
1215 2602 1327 2642 sicut
1363 2601 1589 2649 voluerint,
1626 2606 1668 2642 et
1705 2601 1757 2641 de
1787 2605 1880 2641 toto

362 2742 465 2763 name
482 2742 553 2764 was
576 2741 671 2763 some
697 2731 1026 2771 variation—often‚
1045 2743 1083 2764 as
1161 2732 1359 2774 Roseberry
1383 2732 1445 2764 has
1471 2743 1577 2764 never
1607 2732 1693 2764 been
1721 2731 1880 2764 satisfac-

362 2776 399 2806 in
415 2775 478 2807 the
500 2777 644 2817 present
660 2785 749 2813 case,
770 2785 864 2806 some
881 2776 1084 2816 corruption
1162 2776 1269 2817 torily
1286 2776 1496 2808 elucidated.

362 2819 443 2850 —of
466 2818 657 2859 Odinberg,
684 2818 925 2856 Othenbruch,
952 2818 1082 2850 Ounes-

363 2862 458 2904 berg,
477 2865 543 2894 ete.
594 2862 668 2893 The
691 2861 828 2902 history
845 2861 880 2892 of
903 2862 964 2893 the
988 2862 1084 2904 lapse
1206 2861 1215 2880 ¹
1241 2862 1325 2894 This
1343 2863 1371 2894 is
1389 2862 1424 2893 iu
1441 2863 1502 2894 the
1520 2862 1667 2904 original
1691 2862 1881 2895 document

362 2905 400 2937 of
423 2906 494 2937 this
518 2916 618 2937 name
642 2905 712 2936 and
738 2905 799 2937 the
824 2905 1026 2946 imposition
1049 2906 1085 2937 of
1161 2906 1304 2937 written
1321 2906 1484 2937 H'uholm.
