2033 3242
572 249 885 280 CARTULARIUM
907 247 1212 278 RIEVALLENSE.
1566 240 1587 274 2
1595 242 1617 275 ὅ
1625 240 1646 274 5

140 369 247 410 quas
275 355 389 396 idem
411 355 600 408 Rogerus
632 384 639 392 .
674 387 682 394 .
755 354 856 395 fecit
877 354 969 394 Deo
1002 386 1009 393 .
1043 352 1175 393 ..de
1210 364 1297 391 una
1329 350 1484 391 bovata
1515 355 1608 391 ten
1602 364 1647 397 c,

140 428 239 455 cum
280 412 568 512 pertinenciis,
603 412 648 452 in
684 412 941 460 Naheltona,
975 386 1152 464 excepto
1192 409 1323 450 tofto:
1361 385 1649 449 Donationeni

138 472 298 512 etiam.
352 484 489 534 .quas
510 470 721 510 Robertus
752 470 804 510 de
828 468 1077 522 Cornburgh
1108 501 1116 509 .
1149 501 1156 508 .
1189 467 1331 508 ,fecit
1351 467 1444 507 Deo
1475 499 1482 506 .
1515 465 1648 506 ..de

138 529 305 570 duabus
327 528 435 569 acris
456 532 579 568 terrae
599 528 645 567 in
667 527 921 576 Naheltona,
943 532 984 567 et
1015 527 1066 567 (16
1097 539 1182 566 11116
1213 524 1421 578 perticata
1450 499 1572 564 teirfe
1603 523 1649 562 in

138 587 287 628 eadem
317 585 423 626 villa
453 599 549 639 quae
569 590 746 626 vocatur
776 586 883 634 Leir,
906 599 1001 625 cum
1032 583 1330 638 pertinenciis:
1361 581 1649 622 Donationem

137 645 314 698 insuper
341 676 351 685 .
384 676 392 684 .
425 676 433 684 .
465 656 570 697 quas
606 643 702 683 Yvo
735 643 805 684 del
839 620 949 683 D’ale
985 642 1036 682 de
1072 641 1261 681 Naltona
1296 645 1339 681 et
1374 640 1516 687 Lucia,
1543 652 1651 679 uxor

139 702 244 756 ejus,
275 735 283 742 .
315 734 324 742 .
355 735 363 742 .
397 701 591 742 fecerunt
623 701 715 742 Deo
757 734 764 741 .
806 733 814 742 .
858 734 865 741 .
908 700 959 741 de
991 699 1170 740 dimidia
1200 699 1355 739 bovata
1390 702 1523 746 terrae,
1551 710 1648 737 cum

139 759 428 813 pertinenciis,
449 760 495 799 in
517 759 560 798 N
562 758 727 799 altona:
758 758 1046 799 Donationem
1069 757 1198 798 etiam
1219 789 1226 796 .
1249 789 1256 797 .
1282 789 1289 797 .
1312 769 1417 809 quas
1439 756 1649 796 Robertus

138 817 191 859 de
214 817 518 870 Cuernburghe
540 817 593 857 de
613 816 776 856 Nalton
807 849 814 857 .
847 849 855 856 .
889 849 897 858 .
928 815 1030 856 fecit
1051 815 1145 856 Deo
1176 848 1184 855 .
1217 847 1224 855 .
1257 847 1264 854 .
1297 814 1349 854 de
1376 827 1463 854 una
1485 813 1650 853 cultura

141 880 263 917 terrae
297 888 393 929 quae
428 875 588 915 dicitur
622 874 681 915 Le
715 873 978 927 Stockinges,
1010 877 1052 914 et
1084 886 1171 913 una
1205 872 1360 912 bovata
1394 875 1516 912 terrae
1553 884 1651 911 cum

140 933 427 987 pertinenciis,
454 933 498 973 in
535 931 748 972 Naltona:
781 932 1071 972 Donationem
1105 931 1289 983 insuper,
1326 929 1651 975 concessionem,

140 991 444 1040 remissionem,
485 990 675 1043 quietam
716 989 994 1030 clamanciam
1045 992 1087 1029 et
1137 987 1502 1028 confirmationem
1546 999 1651 1040 quas

140 1049 362 1090 Johannes
399 1049 450 1089 de
485 1047 638 1102 Eyvile
669 1081 677 1088 .
710 1080 717 1088 .
751 1081 758 1088 .
791 1047 894 1088 fecit
928 1047 1022 1087 Deo
1054 1079 1062 1087 .
1094 1079 1103 1087 .
1133 1079 1141 1087 .
1176 1046 1229 1086 de
1250 1050 1341 1085 toto
1363 1045 1459 1098 jure
1489 1077 1496 1085 .
1529 1078 1537 1085 .
1569 1077 1577 1084 .
1610 1049 1651 1084 et

141 1106 294 1148 clamio
316 1120 411 1160 quae
438 1106 591 1146 habuit
612 1105 682 1146 vel
712 1105 868 1146 habere
889 1104 1030 1158 potuit
1060 1103 1107 1143 in
1127 1103 1264 1143 tribus
1294 1102 1501 1143 carucatis
1529 1107 1652 1142 terrae

141 1165 193 1205 de
214 1164 337 1205 feodo
359 1177 448 1212 suo,
469 1177 566 1204 cum
597 1163 885 1217 pertinenciis,
907 1175 1012 1216 quas
1033 1161 1158 1202 liberi
1189 1160 1383 1200 homines
1417 1160 1483 1200 5111
1519 1160 1571 1200 de
1604 1173 1653 1200 eo

142 1227 376 1263 tenuerunt
409 1222 455 1262 in
491 1221 691 1270 Naltona,
728 1235 826 1261 cum
861 1219 1057 1273 homagio
1099 1224 1143 1259 et
1178 1218 1381 1266 serviciis,
1418 1218 1573 1258 wardis
1610 1224 1651 1258 et

142 1280 325 1330 releviis,
346 1279 582 1333 maritagiis
604 1285 646 1319 et
667 1279 844 1319 escaetis
875 1277 1106 1318 eorundem
1126 1276 1351 1316 hominum
1373 1279 1415 1316 et
1435 1275 1653 1315 haeredum

140 1352 325 1386 suorum,
351 1342 393 1378 et
414 1338 465 1378 de
487 1337 683 1401 quinque
699 1336 864 1376 bovatis
892 1340 1015 1376 terrae
1046 1348 1144 1375 cum
1164 1334 1297 1382 tostis,
1317 1338 1359 1374 et
1390 1347 1486 1373 cum
1518 1333 1653 1373 onini-

143 1397 223 1437 bus
251 1395 530 1449 pertinenciis
551 1395 651 1442 suis,
672 1394 718 1434 in
747 1394 894 1434 eadem
918 1393 1047 1433 villa:
1080 1391 1370 1432 Donationem
1401 1391 1531 1431 etiam
1562 1423 1570 1432 .
1603 1424 1611 1431 .

141 1467 248 1498 (11165
283 1453 494 1494 Robertus
531 1452 583 1493 de
617 1451 860 1493 Surdeval.
975 1450 1077 1491 fecit
1111 1450 1205 1490 Deo
1237 1482 1244 1490 .
1277 1449 1411 1490 ..de
1438 1449 1654 1489 communi

143 1517 317 1565 pastura
344 1510 390 1550 in
418 1510 630 1551 territorio
663 1510 715 1550 de
752 1484 957 1549 Bothlum
993 1508 1046 1548 ad
1077 1507 1195 1548 ccctas
1216 1520 1327 1555 oves,
1349 1520 1530 1560 quarum
1555 1506 1655 1560 agni

141 1574 268 1610 erunt
299 1569 461 1609 ibidem
482 1567 706 1608 annuatim
728 1581 826 1608 cum
847 1566 1055 1607 matribus
1077 1579 1213 1618 usque
1245 1565 1300 1605 ad
1333 1565 1655 1618 separationem,

141 1631 185 1668 et
205 1627 257 1668 de
277 1626 412 1668 libero
434 1639 603 1680 egressu
631 1629 674 1666 et
703 1638 894 1679 regressu
916 1638 940 1665 a
961 1623 1179 1665 berchal-ia
1209 1623 1399 1677 ipsorum
1427 1623 1654 1664 monacho-

142 1699 237 1725 rum
277 1685 329 1725 de
356 1685 562 1738 Scipnum
593 1697 670 1737 per
700 1686 858 1724 terram
889 1683 1025 1737 ipsius
1058 1681 1234 1722 Roberti
1270 1681 1323 1721 ad
1351 1681 1529 1721 eandem
1560 1694 1655 1734 pas-

141 1751 315 1783 turam:
366 1742 657 1782 Donationem
707 1741 883 1794 insuper
923 1773 931 1781 .
976 1774 984 1781 .
1029 1773 1037 1781 .
1081 1753 1186 1793 quas
1237 1738 1495 1779 Benedictus
1541 1739 1655 1779 filius

141 1800 337 1842 Gervasii
368 1833 376 1841 .
410 1833 418 1841 .
449 1833 458 1840 .
490 1799 834 1840 fecit'monachis
865 1797 1080 1852 praedictis
1102 1797 1154 1837 de
1184 1800 1297 1837 terra
1324 1797 1399 1836 ubi
1430 1796 1581 1837 domus
1613 1801 1656 1837 et

141 1858 321 1899 {edificia
341 1857 572 1899 eorundem
593 1857 899 1898 monachorum
920 1858 1237 1903 construuntur,
1258 1868 1393 1918 usque
1421 1854 1475 1894 ad
1496 1854 1655 1895 divisas

142 1917 255 1957 inter
279 1916 423 1970 ipsum
451 1920 494 1957 et
525 1915 769 1964 Paulinum,
791 1920 833 1955 et
867 1914 918 1955 de
951 1913 1073 1953 xii0¹¹¹¹
1093 1912 1315 1966 perticatis
1350 1912 1397 1952 in
1430 1912 1568 1952 latum
1601 1912 1655 1953 ad

143 1974 394 2028 Spelcrosse‚
415 1977 457 2015 et
477 1974 529 2014 (16
550 1977 732 2027 quatuor
753 1972 972 2026 perticatis
994 1971 1039 2011 in
1059 1970 1197 2011 latum
1218 1970 1272 2010 ad
1301 1969 1525 2023 Skipnum‚
1547 1974 1590 2011 et
1610 1971 1657 2010 in

141 2032 318 2087 longum
332 2033 444 2073 sicut
460 2036 708 2072 caeterorum
725 2031 813 2085 agri
830 2029 1131 2077 extenduntur,
1145 2032 1187 2069 et
1204 2028 1255 2068 de
1268 2032 1389 2081 prato
1403 2028 1456 2068 ad
1471 2028 1653 2069 11661165-

142 2089 301 2144 berge
288 2103 335 2130 111
349 2089 515 2130 duobus
528 2089 632 2129 16615
646 2088 882 2129 5661111(111111
896 2100 1041 2128 eorum
1054 2086 1224 2134 divisas,
1239 2092 1282 2126 et
1295 2085 1347 2126 de
1363 2089 1484 2150 prato
1506 2086 1654 2126 simfli-

141 2153 208 2188 ter
224 2147 304 2188 sub
317 2146 333 2171 ¹
349 2147 593 2188 Musecotes
614 2160 689 2200 per
705 2146 862 2186 divisas
877 2158 1033 2193 eorum,
1050 2149 1093 2185 et
1107 2144 1158 2184 de
1174 2144 1391 2184 communi
1407 2149 1583 2197 pastura
1603 2144 1655 2185 de

143 2205 441 2246 Wimbeltuna
462 2218 559 2245 cum
579 2204 882 2258 pertinenciis:
913 2202 1232 2243 Donationem
1221 2215 1396 2254 msuper
1426 2234 1434 2242 .
1467 2235 1474 2242 .
1509 2235 1516 2242 .
1550 2215 1655 2256 quas

143 2263 357 2304 Robertus
379 2262 430 2303 de
444 2261 596 2302 Ridale
628 2295 635 2302 .
668 2294 676 2302 .
709 2294 716 2302 .
749 2261 850 2302 fecit
871 2261 964 2301 Deo
994 2293 1002 2301 .
1036 2293 1043 2300 .
1075 2293 1083 2301 .
1117 2260 1168 2300 (16
1189 2273 1275 2300 11116
1296 2261 1404 2300 tosto
1427 2264 1470 2300 et
1491 2260 1655 2301 duabus

143 2321 253 2362 acris
304 2325 347 2361 et
394 2320 572 2360 dimidia
611 2323 747 2369 terrae,
787 2332 886 2360 cum
925 2317 1213 2372 pertinenciis,
1254 2317 1300 2357 in
1339 2317 1655 2358 Wimbeltona:

144 2378 433 2419 Donationem
455 2378 641 2431 insuper,
672 2410 680 2418 .
714 2411 722 2418 .
754 2409 762 2418 .
792 2389 898 2430 quas
920 2376 1130 2417 Robertus
1152 2375 1203 2416 de
1223 2375 1520 2424 Wimbiltona,
1542 2376 1655 2417 filius

144 2435 394 2490 Radulphi2
422 2436 473 2476 de
494 2435 629 2483 Vado,
659 2468 667 2476 .
702 2468 708 2474 .
742 2467 750 2476 .
782 2435 886 2476 fecit
920 2434 1013 2475 Deo
1042 2467 1050 2475 .
1085 2467 1093 2475 .
1124 2466 1133 2474 .
1166 2433 1217 2474 de
1238 2433 1375 2474 tribus
1395 2434 1503 2474 acris
1524 2438 1656 2482 terrae,

146 2508 246 2536 cum
280 2493 570 2547 pertinenciis,
609 2493 656 2533 in
696 2492 1006 2533 Wimbiltona:
1057 2491 1346 2532 Donationem
1393 2491 1535 2540 etiam,
1565 2525 1573 2532 .
1607 2525 1614 2532 .

145 2565 252 2606 quas
266 2551 512 2592 Willelmus
534 2551 586 2591 de
607 2550 649 2591 16
670 2550 792 2591 Mare
812 2550 865 2591 de
881 2549 1166 2590 Wimbiltona
1197 2582 1205 2590 .
1237 2582 1244 2590 .
1277 2582 1285 2590 .
1320 2549 1421 2589 fecit
1443 2549 1535 2590 Deo
1566 2583 1573 2590 .
1606 2583 1613 2590 .
1648 2584 1654 2589 .

147 2611 192 2650 in
213 2609 424 2651 territorio
447 2609 498 2649 de
518 2608 825 2663 Wymbeltona
857 2608 908 2648 de
938 2612 1030 2648 tota
1059 2611 1171 2649 terra
1192 2620 1267 2648 sua
1294 2620 1420 2660 super
1442 2607 1594 2655 Stives‚
1616 2612 1658 2648 et

146 2668 199 2709 de
229 2672 321 2708 tota
352 2672 464 2708 terra
491 2680 568 2708 sua
596 2679 724 2720 super
756 2664 875 2721 [1112
883 2663 926 2720 2]
951 2665 1122 2714 Sandes‚
1145 2669 1187 2706 et
1211 2664 1300 2721 [(16]
1323 2669 1413 2705 tota
1441 2669 1553 2705 terra
1581 2678 1658 2705 sua

146 2739 275 2780 super
315 2724 644 2773 Sanwandeiles‚
673 2728 715 2765 et
746 2729 837 2764 tota
863 2729 975 2764 terra
1005 2737 1082 2764 sua
1111 2736 1206 2777 quae
1237 2723 1351 2776 jacet
1382 2723 1658 2776 propinquior

145 2783 325 2825 culturae
346 2782 577 2824 eorundem
595 2781 897 2823 monachorum
911 2794 1056 2822 versus
1079 2780 1342 2822 occidentem
1363 2793 1488 2834 super
1503 2780 1657 2820 Swine-

143 2841 278 2891 hawe,
319 2854 417 2882 cum
465 2839 764 2894 pertinenciis:
813 2839 1103 2881 Donationem
1150 2838 1325 2891 insuper
1373 2870 1381 2878 .
1435 2870 1442 2878 .
1493 2870 1501 2878 .
1553 2852 1658 2892 quas

316 2914 326 2933 ²
351 2914 507 2946 W'ritten
525 2914 597 2946 silai.
1121 2911 1134 2931 ²
1158 2912 1316 2944 Written
1337 2911 1458 2944 Radd'.
