2033 3242
784 323 1018 356 APPENDIX.
1585 312 1607 348 3
1615 309 1636 349 7
1645 310 1668 350 7

142 430 295 483 gesimo
332 429 471 481 primo.
552 428 607 467 Et
645 428 695 469 de
732 429 811 468 isto
857 428 995 467 debito
1034 426 1225 466 confectae
1263 428 1359 463 sunt
1396 423 1486 462 duae
1523 422 1670 461 litterae

145 483 406 536 obligatoriae,
428 496 599 535 quarum
625 496 709 522 una
737 482 887 522 residet
907 481 1014 533 apud
1035 480 1284 528 Cistercium,
1306 492 1388 517 una
1409 476 1517 529 apud
1539 476 1671 515 Clare-

145 539 305 591 vaHem,
325 537 466 577 eadem
487 538 647 589 penitus
660 537 784 577 verba
804 536 1057 576 continentes
1071 550 1081 584 3
1108 535 1151 573 in
1169 546 1341 586 quarum
1356 532 1479 572 etiam
1499 534 1669 581 utraque

144 605 333 644 expresse
371 591 601 631 continetur
639 591 760 643 quod,
794 591 889 630 licet
926 590 976 630 de
1015 589 1181 642 praefato
1220 586 1358 627 debito
1395 586 1486 625 duae
1523 585 1670 624 litterae

145 646 425 694 conficiuntur,
458 645 768 685 tantummod01
802 644 994 697 praedicta
1032 657 1188 683 summa
1226 641 1439 681 duodecim
1475 639 1671 679 librarum

145 715 175 740 x
194 700 416 740 solidorum
435 700 645 739 annuatim
664 699 918 752 persolvitur.

203 814 265 852 32.
307 822 519 851 CLXXVIII.
551 811 794 851 Universis2
821 814 1040 862 praesentes
1067 809 1226 848 litteras
1254 805 1506 859 inspecturiS,
1528 805 1672 845 Frater

146 866 333 915 Thomas,
356 867 487 905 dictus
506 866 645 905 Abbas
665 866 716 905 de
736 865 941 917 Ryevalle,
961 870 1001 904 et
1021 863 1203 915 ejusdem
1222 862 1300 901 loci
1315 861 1550 901 Conventus
1579 891 1588 900 .
1620 890 1629 899 .
1663 889 1673 899 .

145 920 356 960 Noveritis
377 921 484 972 quod
504 935 587 967 nos,
609 920 814 972 religionis
835 919 920 958 zelo
945 925 986 959 et
1009 918 1172 957 Ordinis
1201 915 1384 968 instigati
1407 920 1528 966 atque
1548 913 1671 963 ducti,

146 980 188 1014 et
207 974 258 1014 ad
278 975 372 1024 haec,
391 975 569 1014 omnium
588 980 773 1013 nostrum
791 974 971 1013 utilitate
987 971 1200 1019 communi,
1217 975 1306 1010 tum
1324 969 1537 1021 temporali
1553 982 1674 1019 quam

144 1029 358 1080 spirituali,
388 1029 496 1068 unde
523 1029 680 1080 liquida
708 1034 748 1067 et
777 1032 941 1079 aperta3
969 1041 1042 1066 nos
1071 1030 1270 1074 movente,
1303 1037 1376 1076 pro
1413 1023 1523 1062 mille
1559 1022 1675 1061 libris

145 1096 364 1134 parvorum
384 1083 668 1135 sterlingorum
683 1081 1000 1121 Turronensium
1013 1095 1036 1120 a
1050 1081 1166 1120 nobis
1182 1078 1434 1131 integraliter
1448 1077 1620 1128 receptis
1634 1081 1675 1116 et

146 1138 298 1176 habitis
317 1138 360 1176 in
380 1138 551 1188 pecunia
571 1138 677 1176 bona
698 1142 739 1176 et
757 1136 888 1188 legali,
910 1136 1011 1175 bene
1032 1135 1153 1174 etiam
1172 1138 1394 1181 numerata,
1416 1131 1674 1171 vendidimus

148 1191 337 1243 Capitulo
367 1191 556 1231 Generali
583 1191 711 1230 nostri
740 1190 904 1230 Ordinis
933 1188 1210 1229 Cisterciensis
1229 1187 1524 1240 quinquaginta
1551 1185 1674 1224 libras

145 1245 331 1297 ejusdem
371 1251 815 1297 monetae—parvorum
853 1243 934 1283 scil.
976 1243 1262 1294 sterlingorum
1303 1240 1676 1280 Turronensium—

148 1300 264 1339 annis
293 1300 460 1351 singulis
481 1300 503 1338 a
522 1299 638 1339 nobis
668 1305 709 1339 et
734 1299 961 1338 Abbatibus
982 1298 1052 1349 qm·
1079 1297 1195 1336 nobis
1224 1295 1441 1335 succedent
1468 1295 1511 1333 in
1540 1306 1676 1345 perpe-

148 1359 266 1393 tuum
281 1353 497 1393 tradendas
510 1367 581 1393 seu
594 1352 817 1401 solvendas,
833 1352 996 1392 nomine
1009 1352 1095 1391 veri
1110 1365 1153 1391 ac
1170 1349 1355 1403 perpetui
1368 1348 1552 1388 redditus
1566 1347 1676 1386 dicto

149 1408 349 1460 Capitulo,
382 1412 562 1459 tempore
595 1407 720 1459 ipsius
758 1407 937 1458 Capituli
974 1405 1194 1453 Generalis,
1230 1417 1329 1455 quas
1367 1402 1532 1455 quidem
1564 1401 1675 1441 mille

147 1462 270 1502 libras
290 1462 564 1501 Turronenses
585 1476 607 1501 a
627 1461 734 1501 dicto
755 1461 944 1512 Capitulo
964 1460 1080 1499 nobis
1100 1459 1351 1510 integraliter
1379 1456 1603 1509 persolutas
1632 1456 1676 1495 in

148 1530 245 1555 usus
279 1521 320 1556 et
349 1517 569 1556 utilitatem
600 1516 841 1555 Monasterii
873 1515 1012 1563 nostri,
1043 1528 1125 1554 non
1153 1514 1304 1564 absque
1334 1512 1600 1551 discretorum
1631 1524 1676 1550 ac

147 1570 347 1610 bonorum
366 1570 545 1619 concilio,
574 1569 764 1609 duximus
793 1569 1114 1616 committendas,
1139 1568 1423 1619 promittentes
1450 1566 1557 1605 bona
1582 1564 1675 1614 fide,

149 1630 201 1673 et,
225 1624 275 1664 ad
295 1624 390 1673 haee,
412 1639 484 1664 nos
505 1630 546 1664 et
574 1629 712 1663 nostra
731 1624 895 1663 mobilia
914 1628 955 1663 et
973 1622 1205 1671 immobilia,
1228 1621 1442 1673 praesentia
1462 1624 1503 1660 et
1522 1620 1672 1668 futura,

149 1685 191 1717 et
210 1679 372 1717 illorum
392 1680 461 1731 qui
480 1678 594 1718 nobis
614 1678 829 1718 succedent
848 1691 1033 1730 processu
1054 1677 1246 1728 temporis
1267 1676 1417 1727 pariter
1437 1674 1672 1725 obligantes,

149 1733 361 1784 praedictas
408 1733 703 1784 quinquaginta
748 1732 871 1771 libras
923 1732 1199 1771 Turronenses
1246 1730 1437 1781 praedicto
1486 1727 1674 1779 Capitulo

150 1792 332 1839 tempore
362 1801 441 1839 quo
471 1787 580 1826 dicto
596 1788 612 1812 4
639 1787 850 1826 annuatim
870 1786 1122 1825 reddituros:
1152 1784 1334 1824 volentes
1363 1784 1485 1823 etiam
1511 1781 1676 1821 nichilo-

149 1842 282 1880 minus
311 1846 353 1881 et
381 1842 504 1881 etiam
533 1841 827 1881 consentientes
855 1846 912 1888 ut,
935 1841 967 1879 si
995 1841 1038 1879 in
1068 1838 1281 1892 praemissis
1301 1843 1342 1877 et
1362 1837 1567 1889 promissis
1587 1849 1671 1885 nos,

149 1895 215 1934 vel
234 1895 325 1934 illos
354 1897 423 1947 qui
443 1896 559 1935 nobis
580 1895 804 1944 succedent,
827 1895 994 1934 deficere
1015 1893 1240 1945 contigerit,
1262 1893 1395 1943 ipsum
1415 1891 1674 1943 saepedictum

150 1948 386 2000 Capitulum
405 1964 477 1989 nos
497 1950 562 1989 vel
580 1950 698 2001 ipsos,
721 1963 793 2002 per
816 1962 1027 1988 censuram
1047 1948 1212 1987 Ordinis
1232 1960 1276 1986 ac
1296 1947 1481 1998 rigorem,
1504 1944 1674 1995 compel-

149 2003 220 2052 lat,
256 2004 290 2043 si
327 2004 437 2053 velit,
479 2010 520 2043 et
557 2004 682 2043 libere
720 2004 848 2055 possit
886 2002 1124 2053 compellere
1163 2001 1214 2040 ad
1260 2000 1491 2052 supradicta
1538 1998 1674 2038 omnia

151 2058 411 2098 observanda.
471 2058 644 2110 Incipiet
674 2064 811 2096 autem
842 2057 994 2109 primus
1024 2056 1221 2095 terminus
1251 2055 1463 2094 solutionis
1492 2052 1675 2105 praedict-

151 2125 265 2150 arum
285 2112 579 2163 quinquaginta
598 2112 792 2151 librarum
812 2111 1127 2150 Turronensium
1146 2110 1195 2149 A.
1215 2109 1264 2149 D.
1287 2109 1499 2148 millesimo
1529 2107 1675 2147 ducen-

150 2166 294 2205 tesimo
322 2167 582 2217 nonogesimo
611 2165 797 2214 secundo,
820 2170 1002 2216 tempore
1031 2164 1209 2215 Capituli
1238 2163 1447 2203 Generalis
1477 2161 1670 2214 praedicti,

152 2225 194 2259 et
223 2219 278 2258 sic
307 2220 349 2258 in
378 2224 618 2271 perpetuum
638 2219 806 2271 singulis
827 2220 942 2258 annis
963 2218 1100 2272 [11610]
1121 2218 1351 2258 successive.
1409 2216 1460 2255 In
1480 2216 1594 2267 cujus
1615 2216 1674 2255 rei

151 2273 415 2312 testimonum
453 2279 495 2312 et
531 2273 864 2327 munimen[tum]
903 2286 986 2322 nos,
1018 2273 1156 2311 Abbas
1195 2271 1460 2323 supradictus,
1497 2270 1674 2322 sigillum

151 2333 337 2366 nostrum
379 2341 459 2378 quo
502 2328 768 2367 communiter
804 2328 958 2366 utimur
994 2326 1259 2378 praesentibus
1296 2326 1444 2365 litteris
1482 2324 1673 2364 duximus

152 2381 449 2433 apponendum.
499 2381 585 2420 Nos
632 2395 738 2429 vero,
780 2381 911 2420 dictus
949 2380 1195 2428 Conventus,
1237 2380 1332 2431 quia
1377 2379 1554 2431 sigillum
1591 2392 1673 2418 non

152 2436 357 2484 habemus,
376 2435 505 2487 sigillo
521 2435 693 2474 Abbatis
709 2436 836 2474 nostri
852 2435 1082 2486 supradicti,
1101 2439 1298 2486 quantum
1314 2434 1365 2473 ad
1380 2434 1475 2482 haec,
1494 2432 1675 2473 contenti

152 2503 300 2529 sumus.
359 2489 414 2527 Et
433 2490 528 2528 licet
547 2489 597 2528 de
617 2489 808 2541 praedicto
828 2489 992 2528 redditu
1011 2502 1144 2528 annuo
1165 2488 1460 2540 quinquaginta
1478 2488 1673 2526 librarum

152 2543 469 2583 Turronensium
488 2544 578 2582 duae
607 2549 700 2582 sunt
730 2543 922 2583 confectae
941 2543 1088 2582 litterae
1109 2543 1368 2595 obligatoriae,
1392 2555 1563 2594 quarum
1591 2554 1673 2579 una

152 2597 303 2637 residet
350 2597 457 2648 apud
496 2597 734 2637 Cistercium
773 2603 814 2637 et
851 2611 932 2636 una
969 2597 1076 2648 apud
1110 2597 1385 2645 Clarevallem,
1426 2601 1564 2635 tamen
1601 2607 1674 2646 per

153 2651 314 2691 easdem
341 2651 498 2690 litteras
526 2665 608 2690 non
637 2652 787 2703 poterit
815 2665 888 2690 nec
919 2651 1040 2691 debet
1073 2651 1287 2703 aliquando
1321 2650 1428 2701 exigi
1462 2648 1673 2689 annuatim

152 2706 231 2744 nisi
246 2719 348 2744 unus
363 2705 546 2744 redditus
565 2705 759 2744 librarum
776 2706 1092 2745 Turronensium
1112 2719 1184 2757 per
1204 2705 1347 2753 omnia,
1366 2705 1468 2743 sicut
1489 2702 1673 2755 superius

152 2766 214 2799 est
235 2759 633 2811 expressum—Dat.
656 2760 704 2799 A.
720 2760 771 2798 D.
793 2760 1001 2809 M.cc.xci.,
1025 2773 1160 2799 mense
1181 2759 1443 2811 Septembris.

152 2872 156 2876 ·
197 2862 210 2881 ¹
237 2862 458 2895 Tantomodo.
949 2863 1083 2905 copied.

198 2905 210 2924 ²
232 2905 393 2938 Written
408 2907 445 2938 in
461 2917 578 2948 avery
590 2907 691 2939 small
704 2906 774 2938 and
786 2909 870 2939 neat
993 2908 1004 2926 “¹
1028 2907 1064 2938 It
1089 2906 1212 2939 stands
1238 2907 1321 2939 thus
1345 2906 1382 2938 in
1409 2906 1470 2937 the
1502 2903 1665 2946 original,

152 2947 259 2982 hand.
354 2980 358 2985 ,
949 2950 1019 2982 and
1036 2950 1065 2982 it
1080 2961 1191 2982 seems
1207 2950 1325 2983 better
1348 2953 1385 2982 to
1401 2949 1500 2981 leave
1524 2948 1554 2980 it
1576 2958 1615 2980 as
1638 2948 1669 2978 it

197 2991 210 3012 ³
232 2992 318 3025 This
351 2992 381 3025 is
419 2993 593 3035 correctly
627 2993 698 3025 and
728 2993 870 3036 exactly
949 2993 1082 3026 stands.
