2033 3242
103 2336 217 2362 Forma}
229 2336 298 2362 note

103 2370 135 2396 of
145 2377 161 2395 a
175 2377 241 2395 con-

104 2404 216 2430 cession
225 2403 308 2429 made

103 2438 135 2464 to
148 2437 291 2463 Ricvaulx

331 243 412 281 180
762 249 1074 281 CARTULARIUM
1094 249 1401 281 RIEVALLENSE.

327 355 553 397 eventibus
589 355 733 410 aliqua
764 354 1053 396 controversia
1082 354 1197 395 inter
1232 367 1301 395 eos
1342 354 1571 408 aliquando
1609 355 1821 404 acciderit,

327 413 379 454 ad
411 414 634 454 arbitrium
661 413 760 454 iiii⁰r
788 411 1346 461 monachorum—duorum,
1367 413 1468 462 scil„
1489 427 1541 454 ex
1571 417 1693 467 parte
1723 413 1823 455 Rie-

326 471 452 512 vallis
486 485 591 526 quos
625 471 772 512 Abbas
809 469 1070 511 Bellelandae
1103 469 1290 523 elegerit,
1322 474 1366 511 et
1395 470 1574 511 duorum
1610 484 1663 512 ex
1702 475 1822 525 parte

325 529 585 570 Bellelandae
625 542 730 582 quos
769 528 913 568 Abbas
953 527 1160 568 Rievallis
1199 526 1384 581 elegerit,
1415 529 1508 570 sine
1547 528 1741 569 tumultu
1780 532 1824 570 et

326 587 625 628 retractatione
664 591 707 627 et
739 585 1063 639 interpositione
1102 584 1292 639 plurium
1332 599 1461 639 quam
1499 586 1681 627 istorum
1712 586 1824 635 iiii0r,

327 645 599 695 emendetur;
627 644 689 684 ita
718 647 864 684 tamen
884 647 934 683 ut
954 645 1106 684 caetera
1136 643 1324 697 capitula
1354 657 1449 697 quae
1479 644 1823 698 supradescripta

328 707 428 743 sunt
449 702 611 756 integre
639 704 951 742 conserventur.
1013 700 1154 742 Usum
1183 714 1283 741 vero
1314 705 1357 741 et
1387 701 1636 743 aisiamenta
1667 703 1822 756 8111οΧ-

327 766 443 800 tunae
464 759 683 800 habebunt
703 759 749 799 in
770 762 1022 813 perpetuum
1041 762 1084 799 et
1105 758 1396 800 Rievallenses
1410 763 1453 800 et
1466 759 1827 808 Bellelandenses,

326 817 438 858 sicut
459 817 652 858 solebant
672 816 826 858 habere
846 830 982 870 usque
1004 816 1057 857 ad
1079 816 1192 857 diem
1215 830 1299 870 qua
1319 816 1409 858 haec
1440 817 1690 871 compositio
1711 818 1823 859 facta

326 876 473 916 suerat.
536 874 660 925 Quod
682 875 719 915 si
739 874 968 928 aliquando
989 873 1089 915 inde
1111 875 1398 915 controversia
1428 875 1655 928 aliquando
1677 879 1823 917 exorta

325 933 466 982 fuerit,
486 946 561 986 per
580 933 680 973 iiii0r
699 932 940 982 monachos,
962 932 1197 973 secundum
1217 932 1393 972 modum
1424 933 1686 987 praedictum,
1707 933 1822 987 paci-

325 991 483 1031 ficetur.
546 990 591 1032 Si
622 990 719 1044 quis
740 991 920 1031 fratrum
941 994 1076 1031 metas
1106 990 1331 1043 praedictas
1362 993 1651 1044 transgressus
1681 991 1827 1039 suerit,

327 1046 536 1103 [propter]
557 1049 863 1103 negligentiam
880 1061 1001 1089 suam
1017 1052 1060 1088 et
1081 1047 1302 1097 incuriam,
1323 1048 1518 1101 proxima
1533 1048 1762 1090 Dominica
1777 1049 1823 1089 in

326 1106 525 1160 Capitulo
553 1107 735 1147 fratrum
764 1106 1019 1155 verberetur,
1041 1110 1083 1146 et
1104 1119 1154 1146 ea
1174 1105 1243 1147 die
1264 1119 1350 1146 non
1378 1119 1476 1146 cum
1507 1106 1602 1146 aliis
1623 1106 1676 1147 ad
1705 1120 1823 1147 men—

325 1177 427 1213 sam,
449 1164 554 1205 5οᾶ
542 1178 589 1204 111
609 1170 733 1214 terra,
755 1164 958 1205 comedat.
1020 1163 1292 1218 Negligentia
1320 1169 1464 1204 autem
1491 1164 1755 1217 judicabitur
1775 1164 1832 1213 si„

323 1222 415 1286 ipso
436 1222 651 1263 nesciente
683 1227 726 1263 et
751 1222 798 1262 in
828 1221 923 1262 aliis
954 1222 1079 1262 rebus
1107 1225 1323 1286 occupato,
1348 1235 1500 1275 pecora
1521 1235 1617 1275 quae
1637 1222 1825 1263 custodit

323 1280 369 1319 in
388 1279 538 1321 alienis
560 1280 729 1334 pascuis
750 1279 955 1334 paverint.
1019 1279 1065 1321 Si
1085 1292 1184 1320 vero
1206 1279 1389 1320 scienter
1409 1279 1454 1320 id
1474 1279 1726 1320 feceiit—id
1746 1284 1821 1328 est,

324 1338 477 1391 supino
498 1338 672 1379 vidente
693 1342 736 1379 et
757 1337 932 1378 sedente
954 1337 1023 1378 vel
1044 1340 1196 1386 stante,
1217 1337 1264 1377 in
1284 1337 1435 1378 alicnis
1456 1337 1625 1391 pascuis
1646 1337 1823 1378 inventa

326 1395 446 1449 [151]
468 1395 641 1444 fuerint,
662 1395 799 1436 tribus
820 1395 1059 1436 Dominicis
1090 1395 1296 1449 praedicta
1326 1409 1453 1449 poena
1482 1395 1703 1449 plectetur.
1767 1395 1835 1445 81,ι

322 1453 558 1502 vero,visus
571 1454 624 1494 ab
638 1453 781 1507 aliquo
794 1454 936 1502 fratre,
950 1457 992 1494 et
999 1453 1145 1507 jussus
1159 1453 1284 1502 exire,
1298 1467 1385 1493 non
1399 1453 1616 1502 obedierit,
1629 1467 1824 1494 amovea-

322 1515 394 1551 tur
423 1512 476 1552 ab
507 1511 653 1552 ordine
685 1525 771 1560 suo,
804 1515 846 1552 et
877 1510 1057 1551 ultimus
1084 1511 1277 1551 omnium
1307 1511 1365 1551 sit
1396 1511 1530 1552 donec
1559 1511 1823 1565 praemissam

321 1569 623 1622 poenitentiam
652 1569 876 1623 perfecerit
916 1569 1053 1609 tribus
1088 1569 1341 1617 Dominicis,
1372 1569 1434 1609 ita
1464 1573 1513 1609 ut
1543 1568 1649 1623 ipsis
1684 1569 1836 1610 tribus.

323 1626 472 1668 diebus
499 1641 584 1667 non
614 1627 698 1668 nisi
725 1641 880 1680 aquam
910 1627 1039 1667 bibat.
1101 1627 1228 1667 Pueri
1257 1627 1333 1679 qui
1364 1627 1415 1668 de
1446 1627 1586 1667 Domo
1617 1627 1717 1676 sint,
1746 1640 1836 1681 pro-

323 1684 409 1725 tale
445 1685 571 1739 culpa
605 1684 814 1738 vapulent
853 1698 989 1738 usque
1029 1684 1084 1725 ad
1116 1684 1378 1738 sanguinem.
1442 1684 1753 1733 Conductitius‚
1785 1684 1823 1725 si

322 1742 427 1783 talia
448 1743 719 1791 commiserit,
740 1742 943 1796 magister
964 1742 1056 1795 ejus
1076 1746 1302 1782 moneatur
1331 1742 1464 1783 semel
1485 1746 1528 1783 et
1548 1742 1714 1783 iterum.
1777 1742 1823 1783 Si

324 1800 464 1841 denuo
491 1814 578 1841 non
599 1800 838 1849 correxerit,
859 1800 1061 1853 magister
1091 1800 1355 1848 conductitii,
1377 1813 1425 1840 ac
1458 1800 1493 1840 si
1521 1799 1613 1853 ipse
1640 1800 1822 1849 fecisset,

322 1858 571 1912 praedictam
597 1871 769 1912 poenam
791 1858 1011 1899 sustineat.
1072 1857 1179 1898 Haec
1211 1863 1327 1898 carta
1348 1857 1459 1898 lecta
1490 1862 1554 1898 est
1574 1858 1620 1898 in
1641 1862 1822 1911 utroque

326 1915 536 1970 Capitulo,
552 1916 833 1969 praesentibus
848 1915 1102 1964 Abbatibus,
1115 1916 1301 1956 Domino
1324 1915 1498 1956 Silvano
1512 1914 1527 1937 1
1549 1915 1822 1964 Rievallensi,

326 1979 369 2015 et
382 1975 545 2028 Rogero
560 1973 888 2023 Bellelandensi,
907 1977 950 2014 et
965 1977 1054 2014 tam
1076 1974 1128 2014 ab
1150 1973 1254 2027 ipsis
1276 1986 1404 2027 quam
1418 1977 1600 2027 utroque
1622 1973 1821 2027 Capitulo

326 2032 370 2072 in
387 2037 643 2086 perpetuum
658 2032 860 2073 confecta.
903 2031 968 2072 Sit
982 2045 1066 2085 pax
1081 2035 1123 2072 et
1138 2031 1273 2085 gratia
1286 2031 1484 2071 omnibus
1498 2031 1822 2072 observantibus

326 2103 419 2130 eam
440 2090 484 2129 in
507 2090 697 2130 veritate.
761 2089 845 2139 Qui
867 2093 1010 2130 autem
1042 2089 1254 2130 obstinate
1276 2103 1423 2143 pacem
1444 2088 1555 2129 hanc
1585 2089 1823 2130 turbaverit

326 2147 476 2188 timeat
526 2148 639 2201 quod
681 2147 887 2201 scriptum
927 2151 1071 2188 est-“
1090 2147 1176 2197 Qui
1226 2147 1452 2188 conturbat
1502 2160 1589 2196 vos,
1634 2147 1822 2201 portabit

321 2205 544 2258 judicium,
566 2205 826 2259 quicumque
848 2210 923 2254 est,
945 2205 1070 2259 ipse.''

385 2320 612 2361 CCXLIV.
646 2331 707 2361 CC.
740 2320 967 2374 Stephano,
988 2320 1041 2361 D.
1065 2320 1136 2361 Gr.
1159 2320 1266 2374 Regi
1286 2319 1536 2374 Anglorum,
1557 2324 1600 2361 et
1626 2319 1837 2361 omnibus.

326 2378 682 2431 Archiepiscopis,
723 2378 946 2432 Episcopis
987 2383 1030 2419 et
1068 2378 1323 2427 Abbatibus,
1365 2382 1407 2418 et
1447 2378 1659 2418 universis
1691 2378 1730 2419 S.
1761 2377 1821 2419 M.

327 2435 527 2477 Ecclesiae
558 2435 669 2484 filiis,
701 2436 919 2490 Rogerus2
948 2436 1107 2485 Abbas,
1130 2439 1173 2477 et
1202 2440 1320 2476 totus
1353 2435 1601 2476 Conventus
1622 2435 1823 2476 Ecclesiae

369 2566 382 2586 ¹
405 2567 449 2599 In
479 2567 683 2600 connection
704 2566 792 2598 with
815 2566 876 2598 the
899 2567 1038 2609 preced-
1157 2566 1290 2609 -King
1323 2565 1506 2608 Stephen's
1543 2565 1641 2608 reign
1675 2566 1734 2607 lay
1768 2565 1823 2597 be-

327 2611 387 2652 ing
416 2614 510 2650 note,
545 2611 605 2642 the
635 2610 841 2642 collocation
872 2611 908 2642 of
940 2611 1038 2642 these
1114 2613 1229 2642 tween
1246 2612 1304 2642 the
1321 2621 1422 2651 years
1440 2611 1522 2641 1135
1542 2610 1612 2641 and
1631 2611 1735 2649 1154;
1759 2608 1825 2641 but

328 2657 399 2686 two
421 2664 540 2685 names
562 2654 592 2685 is
616 2656 653 2685 to
678 2653 720 2684 be
745 2653 924 2685 observed.
983 2654 1038 2686 On
1115 2654 1285 2691 William,
1319 2653 1379 2684 the
1407 2652 1485 2684 fiist
1515 2652 1636 2684 Abbot
1672 2652 1708 2683 of
1744 2652 1823 2684 Rie-

328 2698 389 2729 the
405 2708 469 2729 one
492 2697 597 2736 hand,
611 2696 785 2738 sylvanus
807 2697 836 2728 is
859 2696 980 2729 Abbot
1002 2697 1039 2729 of
1114 2697 1230 2735 vaulx,
1259 2697 1288 2728 is
1315 2696 1390 2727 said
1416 2699 1453 2727 to
1483 2696 1571 2727 have
1595 2695 1762 2727 deceased
1787 2695 1823 2726 in

328 2740 503 2772 Rievaulx
526 2741 562 2772 in
587 2740 681 2778 1170,
700 2739 830 2771 audon
854 2739 914 2771 the
937 2740 1038 2771 other
1116 2742 1209 2772 1146.
1269 2740 1354 2771 This
1385 2739 1470 2771 then
1500 2739 1596 2780 gives
1624 2749 1645 2771 a
1674 2737 1825 2780 positive

328 2784 487 2815 —unless
503 2794 555 2815 we
576 2794 711 2815 assume
735 2794 755 2814 a
778 2783 903 2814 second
918 2783 1039 2815 Abbot
1114 2784 1196 2815 date
1212 2783 1266 2814 for
1289 2793 1353 2814 one
1376 2786 1457 2824 part
1480 2783 1516 2814 of
1538 2782 1658 2813 Abbot
1681 2781 1825 2823 Roger’s

328 2827 364 2858 of
398 2827 459 2859 the
490 2837 583 2859 same
613 2826 874 2868 name—Roger
905 2826 934 2858 is
964 2827 1039 2858 still
1114 2826 1322 2868 presidency
1345 2837 1428 2857 over
1451 2825 1601 2867 Byland,
1627 2825 1741 2856 which
1764 2835 1823 2866 ap-

329 2870 449 2902 Abbot
494 2870 531 2902 of
576 2869 714 2912 Byland
761 2872 798 2901 at
844 2869 903 2901 the
945 2880 1039 2901 same
1114 2870 1281 2911 proachcs
1306 2869 1425 2901 rather
1448 2869 1576 2910 closely
1600 2871 1637 2900 to
1660 2868 1841 2901 Burton's.

329 2913 421 2945 date.
1118 2914 1210 2945 1142.
