2033 3242
345 243 363 280 1
373 242 394 280 6
402 243 423 280 2
779 249 1092 280 CARTULARIUM
1122 249 1432 281 RIEVALLENSE.

341 369 423 410 que
465 355 673 397 carucatis
714 359 850 404 terrae,
891 368 989 396 cum
1029 354 1316 408 pertinenciis,
1347 354 1394 395 in
1434 354 1678 404 Tillestona,
1719 359 1761 396 et
1802 355 1855 397 de

342 427 570 454 communa
610 416 795 467 pasturae
830 417 874 454 et
909 412 1026 453 bosci
1062 412 1110 452 in
1145 412 1391 453 Haumelak
1426 417 1470 454 et
1506 413 1718 463 Pokeleia,
1739 413 1855 455 unde

341 471 457 512 idem
491 471 639 512 Abbas
675 475 854 525 questus
887 470 972 511 fuit
1012 469 1126 523 quod
1165 470 1394 524 praedictus
1428 471 1676 512 Willelmus
1717 471 1858 512 voluit

342 529 497 570 habere
519 529 722 570 forestam
743 528 856 568 infra
886 527 1056 569 easdem
1085 541 1240 569 novem
1272 533 1489 570 carucatas
1519 532 1655 578 terrae,
1686 562 1694 570 .
1726 562 1735 570 .
1770 562 1779 571 .
1811 532 1856 570 et

342 588 388 627 in
408 587 547 628 boscis
564 586 640 640 qui
660 586 878 640 pertinent
896 585 949 626 ad
965 586 1079 639 ipsas
1096 599 1250 626 novem
1267 591 1482 627 carucatas
1499 590 1634 636 terrae,
1651 592 1693 628 et
1709 587 1855 641 posuit

341 645 502 686 ibidem
516 644 757 685 forestarios
775 657 872 684 suos
894 643 949 684 ad
965 643 1295 685 custodiendum
1308 644 1418 685 feras
1439 645 1514 699 qui
1531 649 1632 686 sunt
1647 645 1694 685 in
1715 645 1856 686 boscis

342 706 385 744 et
417 702 540 743 terris
576 702 713 755 ipsius
753 701 950 751 Abbatis,
985 701 1096 742 infra
1137 701 1298 742 divisas
1333 707 1376 743 et
1415 702 1582 744 bundas
1624 702 1855 743 earundem

342 774 497 801 novem
518 764 823 808 carucatarum,
845 773 943 800 cum
963 759 1253 813 pertinenciis,
1274 764 1317 800 et
1337 760 1449 814 quod
1470 760 1585 801 idem
1606 760 1858 801 Willelmus

342 817 571 871 impedivit
612 817 757 871 ipsum
796 817 1013 858 Abbatem
1053 817 1208 858 habere
1254 831 1524 858 communam
1570 818 1763 873 herbagii
1813 822 1859 859 et

341 875 563 929 pessonae1
583 875 637 916 ad
668 874 810 916 averia
840 889 928 924 sua,
952 879 995 916 et
1025 889 1294 916 communam
1327 875 1467 917 buscae
1497 880 1540 917 et
1569 876 1781 917 mairemii
1810 876 1855 916 in

342 934 481 974 boscis
503 933 555 974 de
576 933 823 974 Haumelak
856 937 898 973 et
929 933 980 974 de
1012 933 1224 982 Pokeleia,
1246 938 1393 974 contra
1425 938 1584 974 cartam
1606 934 1782 975 Roberti
1804 933 1858 975 de

342 992 440 1040 Ros,
461 991 594 1046 patris
614 991 751 1045 ipsius
772 989 999 1040 Wsslehni,
1020 991 1142 1045 cujus
1172 991 1305 1032 haeres
1337 991 1429 1045 ipse
1449 991 1694 1032 Willelmus
1716 996 1793 1040 est,
1814 995 1859 1033 et

343 1049 458 1090 unde
479 1049 687 1103 placitum
706 1049 921 1090 warantiae
942 1053 1067 1090 cartae
1084 1049 1394 1090 summonitum
1411 1049 1496 1090 fuit
1517 1050 1639 1104 [146]
1656 1050 1770 1091 inter
1785 1063 1858 1091 eos

342 1108 390 1148 in
411 1107 558 1148 eadem
581 1107 872 1156 Curia—scil„
893 1107 1007 1161 quod
1028 1107 1256 1161 praedictus
1278 1107 1525 1148 Willelmus
1546 1108 1793 1162 recognovit
1814 1111 1858 1148 et

342 1166 562 1214 concessit,
582 1179 658 1219 pro
680 1178 723 1206 se
745 1169 788 1206 et
808 1165 1048 1206 haeredibus
1070 1166 1171 1214 suis,
1193 1165 1306 1219 quod
1327 1165 1541 1219 praedictae
1561 1179 1716 1206 novem
1737 1179 1856 1206 caru-

343 1226 449 1264 catae
480 1226 617 1275 terrae,
647 1237 744 1264 cum
774 1223 1064 1277 pertinenciis,
1085 1228 1128 1264 et
1160 1223 1278 1264 bosci
1308 1223 1383 1277 qui
1412 1224 1465 1264 ad
1498 1223 1668 1264 easdem
1700 1237 1856 1264 novem

343 1285 562 1322 carucatas
583 1285 704 1321 terrae
735 1281 952 1334 pertinent
982 1281 1028 1321 in
1058 1281 1208 1330 boscis,
1229 1281 1421 1335 p1[anis]‚
1442 1282 1571 1322 moris
1594 1285 1636 1323 et
1657 1282 1855 1322 omnibus

342 1339 439 1380 aliis
479 1339 597 1388 locis,
647 1339 778 1380 simul
819 1353 916 1380 cum
957 1338 1156 1395 es[s]arto
1197 1344 1241 1380 et
1289 1339 1567 1393 pertinenciis
1618 1340 1719 1389 suis,
1760 1353 1860 1393 quae-

342 1397 503 1438 habent
545 1411 598 1438 ex
639 1397 750 1437 dono
786 1397 993 1438 Everardi
1028 1397 1081 1438 de
1123 1397 1220 1446 Ros,
1254 1397 1306 1438 de
1347 1401 1498 1438 caetero
1539 1402 1640 1438 sunt
1682 1398 1860 1438 omnino

342 1455 694 1509 deaf[f]orestatae
743 1455 1057 1509 inperpetuum,
1098 1455 1160 1496 ita
1209 1455 1324 1509 quod
1364 1455 1479 1496 idem
1520 1455 1767 1496 Willelmus
1814 1459 1856 1496 et

341 1512 530 1554 haeredes
567 1513 634 1553 sui
670 1527 893 1567 nunquam
934 1513 1098 1567 aliquid
1129 1513 1239 1567 juris
1272 1513 1445 1567 exigent
1484 1513 1597 1554 infra
1638 1518 1772 1554 metas
1814 1518 1862 1554 et>

342 1571 507 1612 bundas
528 1571 828 1625 praedictarum
850 1585 1005 1612 novem
1037 1575 1330 1612 carucatarum
1360 1576 1484 1612 terrae
1506 1570 1622 1612 cum2
1653 1571 1792 1612 boscis
1814 1577 1857 1612 et

342 1633 503 1670 assarto
533 1662 542 1670 .
575 1662 584 1671 .
618 1662 626 1670 .
659 1628 833 1669 nomine
854 1629 1034 1678 forestae,
1055 1642 1133 1670 nec
1154 1629 1200 1669 in
1222 1629 1359 1670 boscis
1382 1629 1435 1669 ad
1455 1630 1680 1683 praedictas
1701 1643 1857 1670 novem

341 1691 580 1728 carrucatas
601 1691 724 1728 terrae
754 1686 1082 1740 pertinentibus,
1103 1700 1181 1727 nec
1212 1687 1343 1728 etiam
1374 1687 1544 1741 capient
1574 1687 1735 1728 ibidem
1756 1701 1863 1728 aves

342 1745 563 1794 aeriantes,
585 1758 663 1785 nec
683 1748 845 1798 ponent
875 1744 1036 1786 ibidem
1069 1745 1265 1785 custodes
1286 1745 1356 1786 vel
1387 1745 1629 1786 forestarios
1651 1759 1760 1794 suos,
1783 1745 1856 1786 sed

341 1803 456 1844 idem
478 1803 622 1844 Abbas
644 1807 688 1844 et
709 1816 970 1844 successores
992 1802 1060 1843 sui
1080 1803 1302 1843 habebunt
1323 1803 1518 1844 custodes
1550 1807 1592 1844 et
1613 1803 1863 1844 forestarios.

343 1874 441 1902 suos
477 1860 531 1902 ad
568 1861 898 1902 custodiendum
932 1861 1081 1901 boscos
1114 1864 1157 1901 et
1189 1865 1322 1901 terras
1354 1860 1468 1901 infra
1501 1861 1671 1902 easdem
1701 1874 1856 1902 novem

342 1923 560 1960 carucatas
596 1923 718 1960 terrae
754 1923 797 1960 et
832 1922 1055 1967 assartum,
1091 1932 1189 1959 cum
1221 1918 1509 1972 pertinenciis.
1589 1919 1647 1960 Et
1686 1919 1857 1960 easdem

342 1977 463 2026 feras,
481 1981 523 2018 et
539 1976 827 2018 omnimodam
841 1976 1132 2031 salvaginam,3
1145 1977 1317 2030 capiant
1332 1990 1407 2030 per
1427 1990 1551 2017 canes
1568 1981 1611 2018 et
1627 1977 1862 2030 leporarios.

343 2049 452 2089 51105,
475 2039 518 2076 et
540 2049 613 2088 per
644 2048 766 2075 arcus
800 2038 842 2075 et
878 2035 1067 2088 sagittas,
1088 2039 1132 2075 et
1167 2035 1364 2075 omnibus
1395 2034 1492 2075 aliis
1519 2034 1659 2076 modis
1680 2035 1855 2088 quibus-

343 2106 511 2147 cunque
532 2098 745 2146 poterunt,
772 2106 848 2147 pro
868 2092 1092 2134 voluntate
1122 2106 1280 2142 eorum,
1301 2092 1393 2133 sine
1415 2093 1532 2133 omni
1551 2093 1864 2147 impedimento·

344 2150 415 2192 vel
450 2150 786 2192 contradictione
821 2150 958 2204 ipsius
993 2150 1214 2199 Willehni,
1236 2151 1306 2191 vel
1339 2150 1556 2191 haeredum
1592 2164 1778 2199 suorum,
1814 2155 1857 2191 et

346 2208 570 2249 hominum
592 2222 776 2250 suorum.
839 2208 1059 2250 Concessit
1090 2208 1220 2249 etiam
1250 2208 1366 2250 idem
1386 2208 1633 2250 Willehnus
1654 2208 1859 2263 praedicto

344 2266 506 2307 Abbati
527 2270 569 2308 et
590 2266 901 2307 successoribus
923 2266 1011 2307 suis
1033 2266 1343 2320 com[m]unam
1372 2266 1563 2320 herbagii
1594 2270 1637 2308 et
1666 2280 1866 2321 pessonae-

346 2328 389 2366 et
410 2338 680 2365 communam
700 2324 842 2365 buscae
863 2329 906 2365 et
934 2324 1154 2365 maeremii
1182 2325 1228 2365 in
1251 2325 1448 2365 omnibus
1470 2325 1607 2365 boscis
1629 2328 1672 2366 et
1692 2324 1857 2365 tenuris

346 2382 398 2424 de
420 2382 665 2422 Haumelak
688 2386 729 2423 et
757 2381 809 2422 de
837 2382 1007 2431 Pokele,
1028 2383 1218 2436 exceptis
1239 2382 1374 2423 veteri
1405 2383 1538 2423 Parco
1565 2382 1620 2423 ad
1650 2382 1857 2423 orientem

347 2440 399 2481 de
428 2440 685 2488 Haumelak‚
706 2445 749 2480 et
780 2440 863 2481 alio
894 2442 1025 2481 Pareo
1056 2440 1107 2481 ad
1136 2440 1401 2482 occidentem
1431 2440 1482 2481 de
1504 2439 1751 2481 Haumelak
1781 2439 1858 2494 qui

347 2498 504 2539 dicitur
516 2498 575 2538 La
589 2498 726 2551 Haye,
740 2502 782 2538 et
798 2498 923 2539 bosco
938 2498 1013 2551 qui
1026 2498 1182 2539 dicitur
1199 2497 1474 2552 Plocw[u]de‚
1489 2497 1534 2538 in
1550 2498 1706 2552 quibus
1719 2497 1867 2552 parcis

347 2561 390 2597 et
420 2556 545 2596 bosco
577 2555 716 2596 dictus
747 2556 894 2596 Abbas
930 2560 973 2597 et
1003 2570 1263 2597 successores
1294 2557 1361 2596 sui
1391 2555 1556 2596 nullam
1587 2569 1858 2596 communam

347 2614 567 2655 habebunt
586 2628 594 2665 3
624 2618 689 2654 set
710 2614 756 2653 in
777 2613 973 2654 omnibus
995 2614 1090 2654 aliis
1121 2614 1258 2655 boscis
1290 2617 1332 2654 et
1353 2614 1517 2654 tenuris
1539 2614 1591 2654 de
1612 2613 1857 2654 Haumelak

348 2677 391 2713 et
422 2671 474 2713 de
496 2671 694 2712 Pokeleia
730 2671 953 2712 habebunt
989 2685 1260 2712 communam
1295 2671 1436 2712 buscae
1473 2676 1516 2712 et
1551 2671 1768 2712 maeremii
1803 2670 1866 2713 adr

349 2743 495 2771 omnes
516 2729 706 2784 proprios
738 2742 841 2769 usus
873 2742 971 2769 suos
1002 2729 1147 2779 libere,
1168 2730 1323 2783 quiete,
1346 2734 1389 2770 et
1420 2729 1512 2770 sine
1542 2730 1660 2770 omni
1690 2732 1856 2770 contra-

349 2788 536 2829 dictione
577 2787 682 2827 dicti
724 2786 932 2827 Willehni
973 2787 1042 2828 vel
1082 2787 1301 2828 haeredum
1342 2800 1516 2828 suorum
1552 2792 1594 2828 et
1633 2786 1863 2827 hominum.

479 2878 490 2898 ¹
516 2878 578 2910 See
594 2880 694 2910 notes
710 2880 748 2910 to
765 2877 830 2910 No.
850 2886 933 2909 vm.
1447 2877 1460 2896 2
1483 2877 1641 2909 Written
1657 2881 1696 2909 et.

478 2922 490 2942 3
514 2922 578 2954 See
593 2921 714 2960 above,
733 2924 834 2953 notes
850 2924 887 2953 to
902 2921 970 2954 No.
986 2929 1076 2952 LXII.
1092 2931 1125 2963 p.
1146 2921 1197 2953 36.
