2033 3242
389 309 470 346 366
823 313 1135 344 CARTULARIUM
1157 313 1462 344 RIEVALLENSE.

442 422 477 459 6.
508 429 598 458 XIV.
631 418 747 467 Quod
788 432 810 456 a
849 418 1139 469 praedecessore
1182 421 1320 455 nostro
1362 417 1490 456 felicis
1533 418 1744 466 memoriae,
1781 417 1901 456 Inno-

384 473 526 522 centio,
566 473 719 512 factum
766 476 827 511 est
872 472 1122 518 innovantes,
1172 470 1446 509 ordinationes
1491 471 1541 510 ab
1588 472 1810 511 Octaviano
1859 477 1901 510 et

384 528 569 575 lVidone,
591 525 862 574 heresiarchis,
883 539 956 564 nec
984 538 1066 563 non
1085 524 1113 563 J
1116 524 1272 563 ohanne
1293 524 1523 574 Stramensi,
1546 526 1614 576 qui
1643 539 1710 565 eos
1740 529 1900 565 secutus

385 587 457 632 est,
479 582 615 628 factas,
639 585 679 618 et
704 579 961 618 abordinatas
982 579 1031 617 ab
1052 579 1138 626 eis,l
1158 578 1291 617 irritas
1321 591 1404 617 esse
1425 592 1640 628 censemus,
1663 579 1900 631 adjicientes

384 636 508 675 etiam
540 639 586 673 ut
615 634 685 685 qui
713 634 933 685 dignitates
962 633 1246 671 ecclesiasticas
1272 632 1337 671 vel
1365 633 1557 672 beneficia
1586 647 1657 684 per
1687 633 1900 685 praedictos

383 689 635 729 Scismaticos
668 692 907 738 acceperunt
937 692 1098 725 careant
1133 685 1228 739 [sic]
1287 686 1520 737 Impetratae
1553 687 1899 726 abhominationes

384 756 555 794 quoque,
577 743 660 781 sive
680 741 908 780 invasiones
927 745 989 779 tot
1008 755 1079 792 per
1098 740 1258 779 eosdem
1284 740 1528 779 scismaticos
1555 741 1671 780 factae
1700 741 1750 780 de
1779 742 1900 781 rebus

384 796 670 844 ecclesiasticis,
703 796 813 834 omni
844 800 1005 834 careant
1034 795 1235 842 firmitate,
1267 799 1308 832 et
1345 794 1396 832 ad
1426 795 1644 834 Ecclesiam
1676 795 1761 834 sine
1790 796 1900 835 omni

382 851 534 890 honore
566 854 834 889 revertantur.
895 849 939 888 Si
971 849 1061 900 quis
1100 852 1235 887 autem
1269 849 1468 888 contraire
1501 849 1801 901 praesumpserit
1835 863 1901 889 ex-

381 904 732 944 communicationi
752 917 793 942 se
813 903 973 942 noverit
992 903 1208 954 subjacere.

435 1014 471 1053 7.
502 1023 574 1056 XV.
606 1011 731 1050 Nulla
769 1010 1033 1050 ecclesiastica
1075 1010 1277 1059 beneficia,
1314 1023 1385 1049 seu
1419 1010 1541 1049 etiam
1570 1009 1803 1059 ministeria,
1835 1010 1901 1050 vel

380 1066 554 1106 ecclesiae
573 1065 692 1104 alicui
721 1065 998 1104 attribuantur
1022 1077 1091 1103 seu
1120 1065 1407 1116 permittantur
1437 1069 1654 1115 antequam
1673 1069 1827 1113 vacent,
1849 1078 1901 1103 ne

381 1121 608 1159 desiderare
628 1120 716 1170 quis
745 1124 919 1158 mortem
947 1118 1122 1170 proximi
1152 1119 1261 1170 ejus2
1289 1118 1486 1167 videatur,
1508 1118 1551 1156 in
1575 1119 1689 1169 cujus
1710 1118 1840 1157 locum
1860 1122 1902 1158 et

380 1174 619 1214 beneficium
639 1187 679 1213 se
699 1173 917 1212 crediderit
937 1186 1223 1221 successurum,
1246 1186 1337 1211 cum
1356 1172 1430 1211 hoc
1451 1172 1574 1211 etiam
1602 1173 1781 1223 ipsorum
1809 1185 1902 1224 gen-

380 1229 515 1268 tilium
542 1228 696 1279 legibus
726 1228 956 1266 inveniatur
984 1227 1214 1266 inhibitum.
1291 1226 1424 1277 Turpe
1452 1227 1571 1265 nimis
1601 1231 1672 1274 est,
1697 1231 1738 1265 et
1760 1226 1901 1265 Divini

381 1283 546 1334 plenum
579 1281 925 1321 animadversione
955 1280 1108 1332 judicii,
1141 1281 1174 1319 si
1201 1281 1333 1319 locum
1366 1281 1410 1318 in
1442 1280 1619 1319 Ecclesia
1646 1280 1723 1319 Dei
1753 1280 1900 1319 futurae

380 1336 640 1376 successionis
661 1336 941 1387 expectatione
969 1335 1188 1374 habeamus
1218 1348 1338 1386 quem
1365 1334 1443 1386 ipsi
1471 1335 1593 1373 etiam
1621 1334 1792 1386 gentiles
1812 1348 1902 1373 con-

382 1391 599 1441 dempnare
619 1390 819 1428 dicuntur.
881 1389 984 1428 Cum
1013 1394 1149 1428 autem
1168 1389 1379 1439 praedictas
1404 1389 1598 1436 ecclesiaS,
1622 1402 1692 1427 seu
1713 1388 1903 1439 quaelibet

383 1445 510 1484 officia
529 1444 802 1491 ecclesiastica,
821 1457 961 1482 vacare
982 1443 1207 1494 contigerit,
1229 1443 1293 1481 vel
1314 1443 1347 1481 si
1367 1443 1490 1481 etiam
1509 1443 1629 1481 modo
1646 1447 1801 1491 vacant,
1819 1456 1902 1481 non

382 1499 452 1538 diu
471 1502 661 1537 maneant
679 1498 722 1536 in
742 1510 943 1549 suspenso,
968 1497 1038 1536 sed
1066 1497 1172 1536 infra
1200 1510 1271 1536 sex
1298 1509 1454 1536 menses
1482 1497 1661 1548 personis
1690 1497 1761 1548 qui
1788 1496 1903 1548 digni

381 1553 609 1591 ministrare
638 1551 800 1590 valeant
829 1551 1098 1590 conferantur.
1159 1551 1202 1590 Si
1231 1555 1367 1589 autem
1396 1551 1617 1602 episcopus,
1638 1551 1709 1589 ubi
1738 1550 1789 1589 ad
1809 1564 1902 1589 eum

382 1606 441 1660 [6]
463 1610 629 1657 spectat,
648 1606 732 1644 sine
752 1605 983 1644 rationabili
1003 1619 1121 1644 causa
1139 1604 1319 1643 conferre
1339 1604 1553 1652 distulerit,
1575 1618 1647 1656 per
1667 1604 1902 1656 Capitulum

381 1660 602 1700 ordinetur.
679 1659 797 1708 Quod
818 1660 851 1697 si
871 1659 922 1698 ad
943 1659 1176 1710 Capitulum
1205 1659 1428 1698 ordinatio3
1448 1659 1702 1710 pertinuerit,
1726 1664 1767 1698 et
1795 1658 1901 1697 infra

381 1715 658 1766 praescriptum
685 1714 905 1752 terminum
933 1713 1119 1751 similiter
1146 1713 1220 1752 hoc
1249 1726 1331 1751 non
1359 1712 1513 1760 fecerit,
1535 1713 1742 1764 episcopus
1767 1726 1903 1751 secun-

381 1769 480 1807 dum
500 1768 731 1817 Dominum,
753 1767 796 1806 in
815 1767 1110 1818 Religiosorum
1138 1767 1319 1805 virorum
1352 1767 1528 1815 consilio,
1560 1767 1635 1805 hoc
1664 1770 1897 1817 exequatur.

381 1823 479 1871 Aut,
515 1822 548 1861 si
586 1835 723 1861 omnes
761 1821 1028 1873 neglexerint,
1068 1820 1408 1872 Metropolitanus
1446 1820 1496 1859 de
1534 1821 1643 1871 ipsis,
1679 1820 1900 1859 secundum

381 1876 612 1925 Dominum,
631 1876 781 1926 absque
802 1875 1117 1914 contradictione
1137 1875 1336 1926 disponat.
1393 1874 1606 1922 Praeterea,
1624 1874 1657 1912 si
1677 1874 1896 1926 episcopus,

381 1931 467 1970 sine
496 1935 605 1969 certo
633 1930 755 1968 titulo
784 1929 834 1968 de
865 1943 944 1980 quo
973 1929 1100 1980 possit
1132 1929 1352 1968 necessaria
1385 1928 1478 1967 vitae
1512 1929 1724 1980 percipere,
1747 1928 1789 1966 in
1819 1928 1900 1967 dia-

380 1998 537 2033 conum,
559 1984 624 2023 vel
652 1984 695 2022 in
728 1983 996 2035 presbiterum
1024 1982 1281 2030 ordinaverit,
1303 1982 1460 2021 tamdiu
1488 1983 1524 2021 ei
1557 1982 1777 2021 necessaria
1805 1982 1900 2021 vitae

382 2038 660 2078 subministret
679 2038 805 2076 donec
826 2038 862 2076 ei
882 2037 1015 2088 aliqua
1035 2037 1165 2076 eidem
1192 2036 1364 2075 ecclesiae
1393 2036 1672 2075 convenientia
1698 2036 1900 2087 stipendia

380 2092 572 2132 clericalis
592 2092 745 2130 militiae
766 2092 950 2143 assignet,
974 2091 1051 2129 nisi
1079 2091 1183 2130 forte
1211 2091 1304 2129 talis
1329 2090 1454 2129 fuerit
1473 2090 1542 2141 qui
1562 2090 1770 2129 ordinatus
1800 2090 1900 2129 exti-

379 2147 478 2185 terit
497 2146 605 2197 quod
625 2146 675 2184 de
692 2159 773 2194 sua,
795 2146 859 2184 vel
880 2145 929 2184 de
950 2150 1118 2196 paterna
1132 2144 1378 2193 haereditate,
1399 2144 1464 2184 vel
1483 2144 1562 2183 alia
1580 2144 1749 2183 honesta
1769 2157 1896 2192 causa,

381 2201 605 2240 subsidium
624 2200 718 2238 vitae
738 2199 865 2251 possit
883 2200 1039 2238 habere.

435 2310 469 2346 S.
503 2307 628 2360 [XV1.]
659 2307 804 2346 Clerici
836 2307 880 2345 in
909 2307 1252 2355 subdiaconatum,
1290 2311 1330 2346 et
1363 2319 1493 2357 supra,
1526 2310 1568 2345 et
1605 2306 1647 2344 in
1675 2306 1898 2345 minoribus

380 2374 540 2412 quoque
579 2361 785 2400 ordinibus
823 2361 1043 2409 constituti,
1085 2374 1218 2399 coram
1260 2360 1438 2399 saeculari
1470 2360 1604 2411 judice
1637 2360 1823 2399 advocati
1855 2360 1897 2398 in

379 2415 551 2467 negotiis
571 2415 824 2454 saecularibus
844 2416 930 2454 fieri
949 2429 1030 2454 non
1050 2419 1305 2466 praesumant,
1323 2415 1401 2453 nisi
1420 2414 1622 2465 propriam
1642 2414 1707 2453 vel
1727 2413 1898 2453 ecclesiae

379 2483 460 2508 suae
480 2482 638 2507 causam
658 2469 809 2507 fuerint
838 2469 1050 2520 prosecuti,
1073 2474 1115 2508 et
1142 2469 1219 2507 nisi
1247 2469 1352 2507 forte
1383 2482 1454 2520 pro
1484 2468 1779 2507 miserabilibus
1813 2481 1897 2519 per-

380 2523 498 2571 sonis,
521 2536 608 2573 quae
628 2523 808 2573 proprias
828 2537 964 2561 causas
986 2523 1265 2561 administrare
1285 2536 1367 2561 non
1393 2522 1560 2573 possint.
1619 2522 1698 2561 Sed
1718 2535 1791 2561 nec
1810 2534 1896 2573 pro-

377 2577 604 2616 curationes
632 2576 819 2615 villarum
847 2581 917 2615 aut
941 2576 1242 2627 jurisdictiones
1271 2576 1393 2615 etiam
1423 2576 1628 2614 saeculares
1657 2576 1730 2614 sub
1758 2575 1897 2626 aliqui-

378 2632 452 2670 bus
485 2630 733 2682 principibus
763 2634 804 2669 et
833 2631 1088 2669 saecularibus
1126 2630 1233 2678 viris,
1273 2636 1321 2669 ut
1356 2630 1570 2680 justiciarii
1608 2643 1746 2668 eorum
1783 2629 1892 2676 fiant,

378 2685 610 2724 clericorum
630 2685 842 2735 quisquam
863 2697 1047 2724 exercere
1069 2689 1292 2735 praesumat.
1352 2684 1396 2722 Si
1425 2684 1513 2735 quis
1542 2688 1677 2722 autem
1704 2683 1894 2722 adversus

377 2739 451 2778 hoc
484 2738 621 2778 venire
654 2738 925 2789 temptaverit,
949 2752 993 2777 ac
1027 2743 1167 2777 contra
1199 2737 1426 2777 doctrinam
1454 2737 1642 2789 Apostoli
1670 2737 1894 2776 dicentis—

420 2847 431 2866 1
455 2847 566 2879 These
581 2849 654 2879 two
671 2846 788 2879 words
804 2857 863 2878 are
879 2846 1044 2889 supplied
1060 2846 1096 2879 in
1177 2847 1293 2879 which
1309 2846 1409 2879 looks
1426 2856 1520 2878 more
1536 2846 1608 2878 like
1625 2847 1680 2878 cui
1694 2846 1781 2878 than
1804 2845 1888 2886 ejus,

377 2891 438 2922 the
454 2890 599 2933 margin.
1175 2890 1241 2922 but
1257 2891 1286 2922 is
1302 2901 1347 2922 no
1363 2889 1475 2922 doubt
1486 2892 1606 2921 meant
1621 2890 1677 2922 for
1693 2889 1754 2921 the
1769 2889 1886 2921 latter.

420 2934 432 2953 ²
456 2934 540 2966 This
552 2933 649 2966 word
662 2935 688 2965 is
700 2933 849 2965 omitted
861 2933 897 2964 in
911 2933 971 2965 the
989 2944 1091 2975 copy,

375 2977 441 3009 but
463 2977 625 3020 supplied
651 2977 761 3009 above
788 2977 835 3018 by
853 2988 897 3009 an
921 2977 1094 3009 insertion
1219 2975 1231 2995 ³
1253 2977 1348 3017 Non,
1357 2976 1570 3016 redundant,
1580 2976 1610 3008 is
1625 2975 1782 3008 inserted
1794 2975 1887 3007 here.
