2033 3242
365 233 386 268 2
395 232 417 268 8
425 231 446 268 6
801 237 1114 268 CARTULARIUM
1135 236 1443 266 RIEVALLENSE.

365 343 619 397 Radulphus
667 343 719 384 de
760 343 883 383 Vado
936 376 943 383 .
995 374 1003 382 .
1056 376 1063 383 .
1116 341 1219 382 fecit
1265 342 1358 382 Deo
1409 375 1416 381 .
1470 374 1478 381 .
1530 374 1538 382 .
1591 340 1643 381 de
1690 340 1882 394 quinque

365 402 473 443 acris
494 402 547 442 de
568 400 862 455 propinquiori
883 405 996 440 terra
1012 412 1142 453 quam
1157 399 1310 439 habuit
1326 399 1453 452 juxta
1472 399 1692 452 grangiam
1707 397 1882 438 illorum

367 460 419 501 de
440 460 657 513 Scipnum,
680 472 778 500 cum
799 457 1099 511 pertinenciis:
1130 457 1420 497 Donationem
1446 489 1454 497 .
1477 490 1485 497 .
1509 490 1516 497 .
1540 470 1645 510 quas
1667 456 1880 497 Robertus

366 518 480 558 filius
502 517 721 570 Radulphi
751 516 803 556 de
833 515 956 556 Vado
988 548 997 557 .
1028 548 1035 556 .
1068 548 1076 555 .
1109 515 1212 555 fecit
1241 514 1335 555 Deo
1367 547 1374 554 .
1408 547 1415 554 .
1448 548 1455 555 .
1488 514 1540 555 de
1561 519 1652 554 tota
1672 514 1748 554 illa
1768 518 1882 554 terra

366 590 462 630 quse
498 579 675 616 vocatur
712 574 943 628 Cotegarth
975 573 1022 613 in
1056 572 1362 621 Wimbeltona,
1387 575 1429 612 et
1465 572 1516 613 (16
1549 572 1740 625 quinque
1774 571 1881 611 acris

367 640 489 674 terrae
510 633 715 686 proximis
747 635 869 672 terrae
899 631 1072 671 illorum
1099 631 1227 684 juxta
1247 630 1466 684 grangiam
1487 643 1634 670 eorum
1655 630 1707 670 de
1730 629 1880 682 Schip-

367 691 498 740 num,¹
532 705 629 731 611111
661 690 961 743 pertinenciis:
995 689 1287 729 Donationem
1318 721 1325 728 .
1359 721 1366 728 .
1402 721 1409 728 .
1442 701 1547 741 quas
1583 688 1797 729 Robertus
1829 687 1881 728 de

368 748 490 790 Vado
522 782 529 789 .
562 782 569 789 .
604 781 611 790 .
643 748 746 789 fecit
767 748 861 788 Deo
884 748 935 788 de
966 747 1157 801 quinque
1179 746 1286 787 acris
1317 750 1451 794 terrfe,
1473 759 1571 786 cum
1591 745 1881 799 pertinenciis,

367 808 413 847 in
434 806 749 847 WVinibeltona:
781 806 1071 846 Donationem
1101 838 1109 846 .
1143 837 1152 846 .
1183 838 1190 845 .
1225 817 1331 858 quas
1354 804 1566 844 Robertus
1587 803 1639 844 de
1664 803 1880 851 Buleford,

367 864 503 913 miles,
520 864 634 905 filius
649 864 783 904 Alani
798 863 851 904 de
868 863 1072 904 Buleford
1093 896 1100 904 .
1125 896 1132 904 .
1157 895 1165 904 .
1187 862 1289 903 fecit
1305 862 1399 902 Deo
1422 895 1429 902 .
1454 894 1461 902 .
1484 894 1492 902 .
1525 861 1578 902 de
1592 861 1756 902 duabus
1771 861 1880 902 acris

367 927 500 972 terrae,
522 936 619 963 cum
642 922 932 975 pertinenciis,
954 934 1050 975 quae
1076 921 1223 974 ι166611(
1243 920 1356 960 inter
1378 919 1670 960 Bulefordiam
1692 924 1735 960 et
1756 933 1879 974 gran-

368 981 482 1035 giam
527 980 578 1021 de
634 980 921 1029 Welleburne,
977 979 1117 1028 videl„
1173 977 1499 1032 propinquiores
1550 977 1633 1030 ipsi
1694 977 1882 1031 grangiae

368 1039 420 1079 (16
461 1038 768 1079 Welleburne:
811 1037 1101 1078 Donationem
1132 1070 1139 1077 .
1173 1071 1180 1078 .
1213 1069 1221 1077 .
1255 1050 1360 1090 quas
1397 1036 1608 1076 Robertus
1655 1035 1707 1075 de
1753 1035 1881 1076 Bule-

369 1096 517 1145 fordia,
548 1096 685 1145 miles,
726 1129 734 1137 .
777 1129 784 1136 .
829 1129 837 1137 .
879 1095 980 1136 fecit
1020 1096 1114 1136 Deo
1156 1127 1163 1135 .
1210 1127 1217 1135 .
1261 1128 1268 1135 .
1313 1094 1365 1135 (16
1406 1098 1591 1147 quatuor
1631 1093 1882 1134 sellionibus

367 1159 502 1204 terrae,
544 1168 642 1195 611111
682 1153 971 1208 pertinenciis,
1006 1153 1053 1193 in
1090 1152 1365 1194 Bulefordia:
1414 1151 1704 1192 Donationem
1740 1151 1883 1199 etiam,

368 1213 695 1261 concessionem,
727 1212 1030 1261 remissionem,
1062 1211 1254 1265 quietam
1284 1210 1565 1251 clamanciam
1586 1214 1629 1250 et
1660 1209 1882 1250 confirma-

368 1271 530 1311 tionem
570 1284 676 1324 quas
717 1270 929 1311 Robertus
963 1270 1015 1310 de
1057 1268 1317 1319 Bulefordia,
1356 1268 1491 1317 miles,
1523 1301 1530 1308 .
1564 1300 1572 1309 .
1604 1301 1613 1309 .
1645 1267 1749 1308 fecit
1787 1267 1882 1308 Deo

369 1362 376 1369 .
409 1361 417 1370 .
451 1362 458 1368 .
493 1329 544 1369 de
579 1332 669 1369 toto
698 1329 793 1382 jure
831 1333 873 1368 et
909 1328 1062 1368 clamio
1099 1341 1195 1381 (11166
1224 1327 1378 1367 habuit
1398 1326 1468 1367 vel
1488 1326 1644 1366 habere
1674 1325 1816 1379 potuit
1837 1325 1884 1365 in

370 1401 455 1427 11116
496 1387 616 1440 pecia
656 1390 791 1436 terrae,
827 1400 925 1427 611111
957 1385 1247 1440 pertinenciis,
1283 1385 1330 1424 in
1365 1397 1485 1425 mora
1526 1384 1578 1425 de
1614 1383 1884 1424 Bulefordia:

369 1445 657 1486 Donationem
688 1478 696 1486 .
728 1478 736 1485 .
771 1477 779 1486 .
810 1458 916 1498 quas
948 1444 1160 1484 Robertus
1192 1443 1244 1484 de
1267 1442 1514 1484 Bulefordia
1545 1475 1552 1482 .
1586 1475 1594 1482 .
1627 1475 1634 1482 .
1668 1441 1769 1482 fecit
1789 1441 1884 1482 Deo

451 1536 458 1543 .
491 1502 543 1543 de
576 1516 730 1543 novem
763 1503 871 1543 acris
911 1502 1035 1556 prati,
1072 1516 1170 1542 cum
1203 1501 1492 1555 pertinenciis,
1525 1500 1570 1540 in
1612 1500 1885 1541 Musecotes:

369 1561 657 1601 Donationem
689 1593 696 1601 .
730 1593 737 1601 .
771 1594 778 1600 .
812 1573 917 1614 quas
949 1560 1161 1600 Robertus
1184 1559 1235 1600 de
1266 1558 1514 1599 Bulefordia
1545 1592 1552 1599 .
1586 1591 1592 1599 .
1628 1591 1635 1598 .
1668 1558 1771 1599 fecit
1790 1557 1885 1598 Deo

370 1653 377 1659 .
410 1653 417 1659 .
451 1652 458 1659 .
492 1618 544 1659 de
565 1618 704 1659 tribus
725 1618 834 1659 acris
855 1618 967 1672 prati
989 1624 1033 1658 et
1062 1618 1200 1658 tribus
1229 1617 1344 1658 rodis
1366 1620 1408 1658 et
1429 1616 1608 1657 dimidio
1638 1616 1762 1664 rodae,
1784 1629 1884 1656 cum

370 1676 660 1730 pertinenciiS,
697 1676 744 1716 in
780 1676 928 1717 eadem
962 1676 1091 1716 villa:
1136 1675 1462 1716 Concessionem
1494 1688 1600 1728 quas
1631 1674 1800 1714 Alanus
1832 1673 1885 1714 de

371 1734 628 1783 Bulefordia,
660 1734 775 1775 filius
812 1734 989 1775 Roberti
1022 1734 1075 1774 de
1108 1733 1367 1781 Bulefordia‚
1398 1765 1405 1772 .
1439 1766 1447 1773 .
1480 1765 1488 1772 .
1526 1732 1628 1773 fecit
1663 1733 1758 1773 Deo
1790 1764 1797 1772 .
1832 1764 1840 1772 .

372 1793 425 1834 de
447 1793 583 1833 tribus
605 1792 713 1833 acris
734 1792 847 1846 prati
868 1796 910 1833 et
931 1792 1068 1833 tribus
1088 1791 1202 1832 rodis
1225 1794 1268 1832 et
1289 1790 1466 1831 dimidio
1488 1790 1611 1838 rodae,
1633 1803 1731 1830 cum
1752 1789 1884 1843 perti-

372 1851 546 1899 nenciis,
583 1851 630 1890 in
665 1850 813 1891 eadem
849 1849 965 1899 villa,
1001 1863 1107 1904 quas
1140 1853 1260 1903 pater
1296 1862 1398 1890 suus
1431 1848 1620 1901 praefatis
1661 1847 1882 1888 monachis

371 1909 512 1950 dedit:
547 1942 555 1950 .
592 1941 601 1951 .
651 1941 658 1949 .
704 1907 992 1949 Donationem
1035 1941 1042 1949 .
1091 1941 1098 1948 .
1146 1941 1154 1948 .
1203 1920 1309 1961 quas
1339 1906 1493 1955 Alicia,
1524 1905 1741 1959 quondam
1777 1919 1885 1946 uxor

370 1967 570 2021 Magistri
610 1966 850 2007 Alexandri
889 1966 941 2006 de
983 1966 1120 2007 Ponte
1161 1965 1305 2019 Burgi,
1341 1998 1350 2006 .
1391 1998 1399 2005 .
1448 1997 1455 2004 .
1503 1964 1605 2004 fecit
1645 1963 1806 2004 Abbati
1841 1967 1884 2004 et

371 2025 590 2065 monachis
626 2024 843 2077 praedictis
880 2024 932 2065 de
969 2027 1058 2064 toto
1090 2024 1187 2077 jure
1224 2027 1267 2064 et
1303 2022 1455 2063 clamio
1490 2036 1584 2075 quae
1619 2021 1773 2063 habuit
1813 2021 1883 2062 vel

371 2083 525 2123 habere
546 2082 700 2136 potuit,
720 2082 791 2123 vel
812 2082 1001 2123 haeredes
1023 2082 1090 2122 sui
1112 2081 1267 2122 habere
1297 2084 1532 2134 potuerunt
1552 2080 1883 2134 imperpetuum,

372 2141 417 2180 in
453 2154 540 2181 una
576 2153 673 2181 acra
708 2140 833 2194 prati,
872 2154 970 2181 cum
1008 2139 1297 2193 pertinenciis,
1330 2139 1376 2179 in
1410 2138 1558 2179 eadem
1593 2137 1711 2187 villa,
1752 2151 1883 2191 quam

373 2198 512 2239 Adam
535 2198 586 2239 de
608 2198 795 2252 Ryvaus,
816 2203 937 2252 pater
958 2212 1072 2247 suus,
1088 2197 1209 2239 dedit
1228 2196 1445 2250 praedictis
1466 2195 1685 2237 monachis
1703 2210 1712 2237 ε
1742 2195 1886 2237 Dona-

373 2256 533 2296 tionem
566 2290 573 2297 .
606 2289 613 2297 .
647 2289 654 2297 .
688 2269 794 2310 quas
825 2256 968 2296 Adam
1003 2256 1056 2297 de
1092 2255 1285 2296 Rievalle
1317 2288 1324 2296 .
1359 2288 1366 2295 .
1400 2288 1407 2295 .
1442 2254 1545 2295 fecit
1581 2255 1674 2295 Deo
1709 2287 1718 2296 .
1749 2287 1758 2296 .
1790 2287 1799 2294 .
1832 2254 1886 2294 de

374 2314 539 2354 duobus
562 2313 811 2355 sellionibus
844 2319 977 2362 terrae,
1013 2328 1111 2354 cum
1147 2313 1436 2367 pertinenciis,
1472 2326 1566 2365 quae
1597 2313 1743 2365 jacent
1775 2312 1889 2353 inter

373 2377 506 2412 terras
529 2385 634 2425 quas
655 2372 760 2412 dicti
791 2372 990 2413 monachi
1021 2372 1182 2412 habent
1212 2371 1264 2412 de
1295 2371 1407 2411 dono
1439 2370 1619 2411 Roberti
1650 2370 1730 2410 filii
1751 2369 1884 2410 Alani

373 2430 426 2471 de
459 2429 707 2470 Bulefordia
739 2429 852 2471 inter
891 2430 1111 2484 grangiam
1152 2429 1205 2470 de
1245 2429 1523 2469 VVellebrune
1564 2433 1608 2468 et
1640 2427 1790 2468 villam
1832 2428 1884 2468 de

375 2487 631 2536 Bulefordia,
653 2493 696 2528 et
717 2487 770 2528 de
784 2502 871 2528 una
884 2502 980 2528 acra
993 2488 1117 2541 prati,
1134 2501 1231 2528 cum
1245 2487 1533 2540 pertinenciis,
1549 2486 1595 2526 in
1610 2486 1853 2527 Musecotes
1873 2502 1881 2526 :

374 2545 660 2587 Donationem
695 2578 702 2586 .
738 2579 745 2586 .
778 2579 786 2586 .
819 2559 924 2600 quas
968 2546 1155 2600 Rogerus
1196 2545 1310 2585 filius
1351 2545 1380 2585 J
1385 2544 1502 2584 ukeli
1543 2544 1595 2584 de
1636 2543 1885 2585 Bulefordia

375 2637 381 2643 .
416 2637 422 2644 .
456 2637 463 2644 .
497 2603 599 2644 fecit
619 2603 712 2644 Deo
743 2636 751 2644 .
785 2636 792 2644 .
825 2636 833 2643 .
870 2603 922 2644 de
942 2607 1034 2644 tota
1054 2607 1176 2652 terra,
1198 2617 1296 2643 611111
1317 2602 1605 2656 pertinenciis,
1626 2615 1757 2655 quam
1778 2615 1883 2655 prae-

374 2661 515 2702 dictus
536 2661 565 2702 J
567 2660 734 2710 ukelus,
754 2666 876 2714 pater
896 2675 1010 2711 suus,
1027 2661 1145 2701 dedit
1167 2660 1253 2701 illis
1274 2661 1320 2700 in
1342 2660 1630 2700 Heselcroftes
1651 2677 1658 2700 :
1683 2659 1884 2708 Quietam

374 2720 550 2773 insuper
571 2719 850 2759 clamanciam
870 2733 1000 2773 quam
1030 2719 1195 2759 Alanus
1217 2718 1269 2759 de
1292 2717 1442 2758 Ridale
1474 2723 1516 2759 et
1547 2716 1757 2765 Matildis‚
1777 2730 1887 2757 uxor

375 2777 478 2831 ejus,
516 2790 590 2830 per
621 2776 829 2830 scriptum
870 2790 996 2817 suum
1031 2777 1224 2818 fecerunt
1264 2774 1467 2831 R[ogero]
1509 2775 1561 2816 de
1602 2774 1803 2815 Moubrai
1843 2781 1888 2816 et

376 2835 594 2876 monachis
617 2834 830 2888 praedictis
867 2834 919 2876 de
955 2838 1045 2875 toto
1073 2835 1169 2888 jure
1205 2834 1319 2888 quod
1350 2834 1594 2874 habuerunt
1614 2832 1666 2873 de
1697 2832 1821 2873 terris
1844 2838 1887 2873 et

920 2908 931 2928 1
955 2909 1111 2941 XVritten
1127 2908 1340 2949 Scz'hz'lmum.
