2033 3242
310 257 331 293 2
339 256 361 293 6
368 257 389 293 2
743 263 1057 294 CARTULARIUM
1078 263 1382 295 RIEVALLENSE.

363 368 579 410 Henricus
618 366 709 423 [de]
744 367 1002 408 Willardebi
1043 372 1085 409 et
1121 368 1307 410 Alardus
1338 368 1453 409 filius
1490 369 1581 423 ejus
1612 369 1823 411 dederunt

305 427 427 468 nobis
450 430 632 481 quatuor
653 439 770 466 acras
792 426 903 479 prati
925 431 967 466 et
989 426 1222 466 dimidiam.

361 485 604 539 Torphinus
645 484 698 524 de
737 483 965 524 Alvestain
1006 483 1127 524 dedit
1165 484 1289 525 nobis
1329 484 1393 524 xii
1430 485 1659 538 perticatas
1699 490 1824 526 terrae

303 543 475 583 arabilis
488 542 504 567 1
524 547 568 583 et
589 556 617 582 X
639 541 867 595 perticatas
888 540 1031 595 prati.2

359 601 522 641 Decem
544 600 710 641 bovatae
733 599 992 653 adquietatae
1013 604 1116 640 sunt
1136 599 1260 640 nobis
1280 599 1327 640 in
1348 599 1569 654 Houetun,
1587 605 1630 641 et
1649 614 1679 641 v
1699 614 1818 642 acrae.

358 657 718 699 Sanctimoniales
740 657 793 698 de
815 657 1094 698 Welleburna
1122 657 1334 698 dederunt
1364 659 1487 699 nobis
1519 659 1625 700 duas
1646 659 1822 700 bovatas

299 721 432 757 terrae.

356 773 488 827 Apud
510 773 701 814 favercas
722 778 890 814 nostras
912 773 1024 814 datae
1045 778 1147 814 sunt
1168 773 1291 814 nobis
1313 773 1390 813 lxx
1411 787 1518 814 acrae
1538 779 1582 815 et
1602 775 1790 815 dimidia.

357 831 570 872 Acharius
584 830 601 855 3
636 831 689 872 de
725 831 906 872 Tunstal
941 831 1061 873 dedit
1100 832 1223 872 nobis
1259 831 1481 886 grangiam
1521 832 1573 873 de
1624 833 1822 880 Boeltun,

299 902 396 930 cum
418 890 695 943 pertinenciis
717 889 815 930 suis.

355 947 595 988 Everardus
617 948 669 988 de
691 948 777 988 Ros
799 947 918 988 dedit
939 948 1063 989 nobis
1090 952 1255 988 sartum
1286 948 1339 989 de
1360 947 1612 1002 Helmesley
1633 952 1676 989 et
1707 962 1820 989 00111-

297 1018 474 1046 munam
499 1005 722 1061 [pasturae]
745 1005 798 1046 de
822 1005 1023 1060 Pokeley.

355 1063 569 1104 Robertus
601 1064 654 1104 de
681 1064 902 1117 Sproxtun
933 1068 976 1105 et
1008 1064 1171 1117 Symon
1198 1063 1313 1104 filius
1345 1063 1436 1117 ejus
1457 1063 1669 1104 dederunt
1696 1065 1822 1106 nobis

295 1124 455 1162 terram
477 1126 519 1162 et
541 1126 760 1175 pasturam
782 1122 835 1162 ad
858 1135 904 1163 cc
926 1135 1025 1163 oves
1045 1122 1092 1161 in
1114 1135 1264 1176 campo
1286 1122 1337 1162 (10
1360 1122 1590 1175 Sproxtun.

354 1179 604 1221 Willelmus
626 1180 678 1221 de
698 1180 1008 1220 Amundevilla
1029 1180 1148 1220 dedit
1169 1180 1292 1221 nobis
1313 1193 1443 1220 unam
1466 1194 1608 1221 acram
1629 1184 1754 1221 terrae
1774 1181 1821 1221 in

295 1250 446 1291 campo
467 1238 520 1278 de
542 1238 718 1279 Treford
734 1239 862 1292 juxta
882 1238 1110 1292 piscariam
1132 1238 1184 1278 de
1205 1239 1248 1278 N
1251 1236 1453 1293 eus[um].

354 1295 527 1336 Terram
569 1297 620 1337 de
656 1296 870 1345 Tesedale,
902 1310 1000 1337 cum
1036 1296 1315 1350 pertinenciis
1352 1296 1440 1336 suis
1478 1300 1520 1336 et
1554 1300 1730 1350 pastura
1766 1297 1819 1337 ad

295 1352 341 1392 lx
363 1367 505 1406 equas,
528 1367 626 1394 cum
657 1354 789 1408 pullis
826 1355 914 1395 suis
946 1355 1129 1395 duorum
1161 1368 1383 1403 annorum,
1406 1359 1448 1395 et
1481 1354 1534 1394 ad
1565 1355 1704 1395 sexies
1735 1354 1819 1395 xxti

296 1411 512 1461 animalia,
534 1416 577 1452 et
598 1412 651 1452 ad
673 1412 734 1452 xii
755 1426 906 1453 vaccas
929 1417 971 1453 et
993 1413 1100 1453 duos
1122 1417 1278 1461 tauros,
1301 1426 1398 1453 cum
1430 1412 1698 1453 nutrimento
1730 1427 1819 1461 suo,

296 1473 339 1509 et
360 1474 519 1510 terram
540 1470 592 1510 de
613 1470 910 1519 Westerdalle,
929 1485 1026 1511 cum
1047 1471 1326 1524 pertinenciis
1349 1471 1449 1519 suis,
1464 1475 1507 1511 et
1522 1476 1744 1524 pasturam
1765 1472 1819 1512 ad

295 1527 433 1568 sexies
462 1542 521 1567 xx
552 1528 767 1578 animalia,
788 1534 830 1569 et
853 1529 1080 1582 piscariam
1103 1529 1154 1569 de
1176 1529 1507 1570 Neuhus—haec
1536 1529 1679 1569 omnia
1701 1529 1819 1571 dedit

294 1585 418 1626 nobis
440 1586 684 1626 Bernardus
707 1586 758 1627 de
780 1586 912 1628 Baiol.

354 1642 587 1698 Grangiam
624 1644 674 1684 de
711 1645 914 1693 Broctun‚
952 1658 1049 1685 cum
1085 1644 1364 1698 pertinenciis
1401 1644 1501 1694 suis,
1537 1645 1657 1686 dedit
1693 1645 1818 1686 1101013

293 1701 323 1742 J
326 1701 512 1741 ordanus
535 1702 651 1742 Paen
674 1705 715 1742 et
738 1703 879 1743 caeteri
900 1703 1025 1743 liberi
1046 1703 1240 1744 homines
1262 1702 1454 1756 ejusdem
1475 1703 1602 1743 vfflae.

352 1759 585 1800 Piscariam
607 1759 658 1800 de
680 1760 956 1809 Normanebi‚
979 1766 1021 1802 et
1042 1762 1139 1801 xliii
1161 1774 1278 1802 acras
1300 1765 1435 1809 terrae,
1457 1766 1499 1801 et
1521 1766 1741 1814 pasturam
1763 1761 1816 1802 ad

294 1821 468 1857 centum
502 1831 615 1866 oves,
636 1823 679 1858 et
715 1818 769 1859 ad
799 1819 877 1859 viii
905 1832 1036 1872 equos
1065 1820 1135 1860 vel
1170 1820 1312 1867 boves,
1336 1822 1378 1859 et
1414 1818 1468 1859 ad
1504 1820 1712 1860 sumarios
1742 1820 1817 1873 qui

292 1876 522 1916 necessarii
572 1876 745 1925 fuerint,
786 1877 905 1917 dedit
956 1877 1079 1918 nobis
1121 1877 1329 1918 Ricardus
1370 1876 1485 1917 filius
1526 1877 1732 1926 Turstini‚
1773 1884 1816 1918 et

293 1932 508 1974 Robertus
529 1933 643 1975 filius
666 1934 769 1988 03113,
792 1940 835 1975 et
856 1935 1066 1976 Ricardus
1088 1935 1231 1976 Losth.

349 1991 540 2031 Domum
583 1996 625 2032 et
661 1996 820 2033 terram
856 1993 908 2034 de
945 1993 1205 2035 Beverlacho
1236 1993 1282 2032 in
1319 1991 1665 2046 Flammangaria
1696 1993 1815 2034 dedit

290 2049 414 2090 nobis
436 2050 464 2090 J
468 2049 656 2090 ohannes
677 2050 791 2091 filius
812 2051 841 2091 J
844 2051 1026 2092 ohannis
1047 2051 1269 2092 Vinitoris.

350 2106 563 2148 Robertus
586 2108 638 2149 de
657 2108 858 2163 Scyrlage
879 2110 999 2150 dedit
1019 2110 1141 2151 nobis
1163 2115 1321 2150 terram
1342 2110 1388 2150 in
1409 2109 1585 2163 gardino
1602 2109 1814 2150 Willelmi

292 2163 372 2204 filii
407 2165 599 2206 Leverici
635 2167 681 2206 in
714 2167 986 2217 Beverlacho,
1007 2168 1053 2208 lx
1089 2168 1249 2222 pedum
1285 2168 1332 2208 in
1364 2168 1540 2221 longum
1573 2172 1615 2208 et
1648 2182 1736 2208 xxx
1767 2168 1813 2207 in

292 2221 441 2271 latum,
463 2223 517 2263 ad
541 2224 782 2265 faciendam
803 2225 864 2265 ibi
885 2239 1016 2266 unam
1038 2226 1223 2266 domum.

349 2279 596 2322 Willelmus
625 2282 677 2322 de
705 2283 823 2323 Etun
856 2283 975 2324 dedit
1003 2284 1126 2325 nobis
1154 2285 1200 2324 ix
1222 2297 1339 2325 acras
1367 2283 1479 2338 prati
1501 2288 1544 2324 et
1564 2296 1695 2323 unam
1717 2296 1811 2337 per-

291 2337 469 2378 ticatam
490 2339 533 2378 in
557 2340 668 2393 Torp
682 2340 697 2363 4
713 2341 841 2394 juxta
862 2341 1113 2384 Eboracum.

1136 2456 1149 2475 ³
1173 2456 1321 2488 Printed
1353 2455 1558 2488 Arclzarius.
1618 2455 1693 2487 The
1730 2455 1809 2488 first

1091 2503 1197 2542 grant
1222 2500 1258 2532 of
1281 2499 1458 2531 Acharius
1486 2499 1529 2531 de
1557 2499 1707 2531 Tunstal
1735 2509 1807 2531 was

1091 2544 1192 2575 made
1219 2543 1255 2574 in
1286 2544 1379 2577 1173.
1430 2542 1508 2582 <See
1535 2542 1602 2574 No.
1630 2545 1806 2582 CXXXIX.)

1091 2587 1176 2618 This
1200 2586 1361 2618 confirms
1383 2586 1480 2618 what
1505 2586 1535 2617 is
1565 2585 1747 2617 advanced
1769 2586 1806 2618 in

333 2451 345 2471 1
368 2451 526 2484 Arabilz's
543 2454 691 2486 omitted
710 2455 745 2486 in
762 2455 932 2498 Dugdale.

333 2493 346 2513 2
368 2495 412 2527 In
444 2496 618 2538 Dugdale,
653 2497 747 2529 after
779 2500 911 2540 “prati
929 2500 947 2514 ''
976 2500 1005 2532 is

288 2537 431 2579 printed
450 2540 521 2570 “in
540 2540 703 2579 Latum,’'
715 2542 828 2574 which
847 2544 1005 2575 conceals

287 2592 333 2612 an
357 2582 428 2613 odd
451 2584 784 2625 misapprehension.
836 2586 910 2618 The
932 2589 952 2603 “
968 2587 1004 2618 in

286 2624 400 2657 latum
414 2625 432 2638 ’'
456 2626 486 2657 is
510 2627 751 2669 immediately
767 2629 931 2661 followed
955 2629 1003 2671 by

291 2670 313 2684 ‘⁴
327 2671 364 2700 et
380 2669 579 2702 tenduntur
595 2671 631 2702 in
648 2671 827 2713 longum‚’⁷
845 2673 915 2704 and
938 2674 1001 2705 has

285 2712 436 2754 nothing
460 2716 497 2745 to
525 2713 581 2753 do,
610 2724 648 2745 as
676 2715 705 2745 is
731 2715 885 2755 evident,
912 2717 1000 2748 with

286 2754 346 2786 the
370 2755 438 2787 site
462 2756 499 2788 of
523 2757 584 2788 the
611 2757 791 2790 donation.
842 2759 906 2791 See
930 2760 997 2793 No.

281 2806 466 2831 CXXXVIII.

1090 2641 1111 2661 a
1134 2630 1257 2671 nearly
1280 2629 1469 2671 preceding
1492 2633 1574 2660 note
1597 2640 1634 2661 as
1662 2629 1806 2671 regards

1090 2673 1151 2705 the
1175 2674 1272 2715 early
1301 2677 1427 2705 nature
1458 2672 1494 2704 of
1520 2672 1568 2704 all
1595 2673 1656 2704 the
1685 2675 1807 2714 grants

1087 2717 1314 2748 enumerated
1328 2717 1364 2748 in
1378 2717 1438 2748 the
1449 2719 1591 2757 present
1603 2716 1803 2748 document.

1129 2759 1142 2779 ⁴
1166 2760 1397 2803 Layerthorp.
1448 2760 1512 2792 See
1536 2759 1602 2792 No.
1623 2768 1802 2798 CCCvan,

1085 2806 1151 2835 ete.
