2033 3242
728 317 751 344 A
758 314 955 344 PPENDIX.
1518 311 1598 347 415

91 424 278 469 questum
293 418 473 469 septimo,
492 432 562 469 per
580 425 870 457 sacramentum
882 418 1074 457 Willelmi
1089 418 1138 457 de
1150 418 1393 466 Thorntona,
1410 419 1602 458 Willelmi

94 474 240 520 Starre,
263 472 455 510 Willelmi
474 472 523 511 de
544 472 782 523 Sproxtona,
806 472 989 524 Hugonis
1009 472 1186 524 Sturmy,
1207 473 1246 510 N
1249 473 1391 512 icholai
1407 473 1472 511 del
1487 474 1598 524 Clay,

92 526 120 564 J
123 526 290 564 ohannis
310 526 511 573 Douneor,
533 526 725 565 willelmi
746 526 906 577 Stryng‚
924 526 1085 565 Radulfi
1101 526 1150 565 de
1167 526 1393 576 Kyrktona,
1409 527 1602 566 willelmi

96 579 233 628 VVard,
266 579 429 618 Thoniae
463 579 512 618 de
547 580 704 627 Holme‚
738 580 908 618 IValteri
942 580 991 618 de
1021 580 1235 628 Grenhow,
1264 586 1304 619 et
1333 580 1526 620 Willelmi
1552 581 1601 620 de

96 633 315 684 Kyrkeley,
347 635 417 684 qui
445 634 586 672 dicunt
614 647 732 685 super
761 640 1051 673 sacramentum
1080 647 1196 673 suum
1216 635 1324 685 quod
1352 648 1433 674 non
1462 641 1523 673 est
1552 635 1601 674 ad

96 687 315 738 dampnum
333 701 406 726 nec
425 688 703 738 praejudicium
723 688 887 727 Domini
906 688 1037 739 Regis,
1060 702 1131 726 nec
1152 688 1330 735 aliorum,
1354 689 1386 727 si
1405 689 1603 728 Dominus

96 741 184 779 Rex
213 741 405 780 concedat
438 741 649 794 [Ro]berto
678 742 759 780 filio
787 742 928 780 Jacobi
957 742 1006 780 de
1034 741 1202 780 Bulford
1231 743 1339 793 quod
1366 743 1450 794 ipse
1478 757 1602 781 unum

96 795 355 846 mesuagium,
385 802 475 834 octo
503 796 617 843 tofta,
649 801 802 846 septem
830 796 993 834 bovatas
1022 801 1149 843 terrae,
1181 802 1261 834 tres
1290 810 1398 835 acras
1427 797 1541 847 prati,
1565 803 1605 836 et

95 849 288 887 ducentas
317 863 425 887 acras
453 863 584 897 morae,
616 863 705 888 cum
734 850 1001 900 pertinenciis,
1022 850 1061 887 in
1083 850 1262 898 Bulford,
1285 850 1380 889 dare
1409 851 1536 902 possit
1564 857 1605 889 et

96 903 297 953 assignare
316 903 467 941 Abbati
497 910 538 942 et
566 904 794 942 Conventui
822 903 872 942 de
901 903 1103 953 Ryevalle,
1136 904 1378 943 Habendum
1407 935 1414 943 .
1449 936 1457 943 .
1489 936 1496 943 .
1529 905 1603 944 sibi

97 961 138 995 et
171 957 461 995 successoribus
495 957 574 995 suis
608 958 650 995 in
685 963 838 1008 partem
877 957 1160 996 satisfactionis
1198 958 1335 997 decem
1368 959 1604 997 libratarum

95 1015 211 1049 terrae
245 1016 287 1049 et
318 1010 500 1049 redditus
531 1024 631 1061 quos
660 1011 859 1049 Dominus
897 1011 986 1050 Rex
1023 1011 1173 1050 eisdem
1211 1026 1282 1063 per
1318 1012 1473 1051 litteras
1513 1026 1603 1051 suas

98 1069 292 1115 patentes,
323 1069 408 1103 tam
435 1065 485 1103 de
514 1065 631 1103 feodo
660 1078 732 1103 suo
760 1065 920 1116 proprio
950 1078 1069 1115 quam
1097 1065 1238 1113 alieno,
1269 1066 1446 1117 exceptis
1474 1067 1603 1115 terris,

98 1118 340 1157 tenementis
388 1123 428 1157 et
472 1118 695 1157 redditibus
734 1132 821 1169 quae
869 1118 919 1157 de
960 1119 1135 1158 Domino
1176 1120 1287 1171 Rege
1330 1125 1520 1159 tenentur
1564 1121 1605 1159 in

96 1172 238 1223 capite,
277 1172 471 1211 concessit
508 1172 757 1223 adquirenda
793 1173 835 1210 in
869 1179 1117 1224 perpetuum.
1188 1174 1292 1212 Item
1325 1174 1466 1212 dicunt
1498 1174 1606 1225 quod

98 1226 232 1264 omnia
250 1226 441 1277 praedicta
466 1230 582 1264 terrae
603 1232 643 1264 et
671 1232 900 1265 tenementa
927 1232 1118 1265 tenentur
1145 1227 1186 1265 in
1207 1228 1335 1278 capite
1355 1228 1404 1267 de
1432 1228 1607 1266 Domino

96 1279 283 1318 <Iohanne
303 1280 352 1318 de
380 1280 581 1330 Moubray
601 1293 670 1331 per
693 1281 901 1318 servitium
930 1281 1048 1319 unius
1077 1281 1187 1320 librae
1217 1282 1364 1332 piperis
1393 1282 1607 1320 reddendae

98 1347 170 1384 per
198 1347 347 1372 annum
375 1347 447 1384 pro
477 1334 585 1372 omni
613 1334 786 1372 servitio.
846 1334 950 1372 Item
969 1334 1110 1373 dicunt
1129 1335 1236 1385 quod
1265 1336 1398 1373 omnia
1418 1335 1609 1386 praedicta

97 1393 214 1426 terrae
244 1392 284 1426 et
312 1393 542 1426 tenementa
570 1388 706 1426 valent
734 1401 805 1439 per
833 1401 984 1426 annum
1012 1389 1054 1426 in
1083 1389 1266 1427 omnibus
1288 1390 1462 1428 exitibus
1491 1390 1608 1440 juxta

98 1455 238 1480 verum
270 1441 446 1480 valorem
480 1441 698 1480 eorundem
724 1442 900 1492 quinque
932 1455 1083 1481 marcas
1112 1443 1276 1493 argenti.
1338 1444 1442 1482 Item
1470 1444 1609 1482 dicunt

101 1495 210 1545 quod
243 1508 323 1534 non
362 1500 423 1534 est
459 1495 603 1546 aliquis
631 1495 730 1533 alius
768 1496 922 1534 medius
956 1496 1006 1534 de
1043 1497 1227 1535 omnibus
1262 1498 1463 1547 praedictis
1492 1498 1608 1536 terris

101 1555 142 1588 et
185 1549 426 1587 tenementis
462 1549 569 1588 inter
605 1549 825 1588 Dominum
869 1550 1019 1599 Regem
1058 1555 1099 1589 et
1136 1551 1349 1601 praefatum
1386 1552 1608 1590 Robertum

101 1603 176 1641 nisi
209 1602 406 1641 Dominus
437 1602 643 1641 Johannes
674 1603 723 1641 de
751 1603 959 1654 Moubray.
1033 1604 1137 1642 Item
1175 1605 1316 1643 dicunt
1348 1605 1455 1656 quod
1483 1619 1609 1644 unum

102 1657 360 1707 mesuagium,
400 1669 471 1695 sex
507 1657 623 1703 tofta,
664 1670 734 1695 sex
772 1657 926 1696 bovatae
961 1662 1076 1696 terrae
1110 1658 1151 1696 in
1189 1658 1363 1697 Naleton
1402 1666 1611 1698 remanent

102 1711 232 1749 eidem
260 1711 436 1749 Roberto
455 1710 562 1749 ultra
582 1710 839 1749 donationem
859 1716 899 1750 et
918 1711 1227 1762 assignationem
1247 1713 1466 1763 praedictas.
1507 1714 1610 1752 Item

103 1764 242 1803 dicunt
275 1764 383 1815 quod
416 1764 555 1803 eadem
585 1770 702 1803 terrae
736 1771 777 1803 et
810 1771 1039 1804 tenementa
1072 1766 1114 1804 in
1142 1766 1316 1805 Naleton
1345 1773 1536 1806 tenentur
1561 1768 1610 1806 de

102 1819 268 1869 praefato
297 1818 473 1857 Domino
501 1818 688 1857 ‹Iohanne
716 1818 765 1857 de
794 1818 996 1870 Moubray
1024 1833 1095 1871 per
1128 1821 1336 1859 servitium
1364 1821 1483 1859 unius
1512 1835 1610 1860 rosae

101 1885 172 1922 per
201 1885 360 1919 annum,
394 1886 464 1924 pro
499 1873 607 1911 omni
638 1873 812 1920 servitio,
845 1879 886 1911 et
913 1873 1050 1912 valent
1079 1887 1149 1924 per
1177 1888 1327 1912 annum
1355 1875 1397 1913 in
1426 1875 1610 1914 omnibus

102 1926 275 1964 exitibus
295 1939 365 1964 sex
385 1940 534 1965 marcas
562 1926 726 1978 argenti.
786 1927 891 1965 Item
919 1927 1059 1965 dicunt
1078 1928 1186 1978 quod
1216 1928 1415 1979 praedictae
1436 1935 1551 1967 terrae
1572 1935 1612 1967 et

101 1984 331 2018 tenementa
349 1980 392 2018 in
411 1980 598 2028 Naleton,
623 1980 752 2019 eidem
772 1980 950 2019 Roberto
969 1982 1217 2020 remanentia
1231 1982 1338 2020 ultra
1354 1983 1611 2021 donationem

103 2039 144 2072 et
176 2033 485 2085 assignationem
516 2034 737 2085 praedictas,
773 2035 970 2073 sufficient
998 2035 1047 2073 ad
1077 2036 1210 2074 omnia
1239 2037 1546 2076 consuetudines
1573 2043 1613 2076 et

102 2088 266 2126 servitia
285 2092 358 2126 etc.

158 2205 219 2241 97.
262 2202 427 2255 [Patent
465 2203 586 2241 Rolls.
666 2207 687 2242 S
726 2203 837 2242 Edw.
878 2214 937 2243 ΙΙΙ.
983 2203 1134 2258 [1334],
1174 2212 1229 2256 pt.
1276 2209 1307 2253 1,
1348 2220 1397 2246 m.
1440 2207 1496 2259 4.]
1551 2207 1613 2246 De

104 2257 580 2295 attornatione.—Abbas
618 2257 667 2295 de
705 2257 908 2307 Ryevasse,
949 2259 1018 2308 qui
1062 2259 1111 2297 ad
1150 2259 1381 2311 Capitulum
1420 2261 1614 2300 Generale

105 2311 211 2362 apud
241 2310 476 2349 Cistercium
505 2311 547 2348 in
576 2311 758 2362 proximo
788 2312 1071 2351 celebrandum
1102 2313 1151 2351 de
1182 2313 1344 2353 licentia
1378 2315 1499 2366 Regis
1528 2329 1615 2366 pro-

104 2364 281 2403 fecturus
313 2370 383 2411 est,
419 2364 565 2403 habeat
598 2365 751 2403 litteras
785 2365 906 2417 Regis
939 2366 989 2404 de
1026 2367 1201 2417 generali
1235 2369 1505 2408 attornatione
1539 2370 1613 2408 sub

105 2418 333 2457 nominibus
352 2417 379 2455 J
383 2417 549 2456 ohannis
570 2418 618 2457 de
648 2418 845 2468 Martona,
868 2419 1022 2467 Clerici,
1043 2426 1084 2459 et
1102 2421 1295 2460 Willelmi
1314 2423 1363 2461 de
1385 2423 1612 2474 Hustwayt‚

106 2472 180 2511 sub
213 2471 493 2519 attornatione,
530 2472 580 2510 ad
613 2472 849 2511 lucrandum
877 2473 941 2512 vel
974 2474 1233 2525 perdendum,
1270 2481 1355 2523 etc,
1385 2477 1426 2515 in
1456 2478 1615 2528 quibus-

107 2539 263 2576 cunque
284 2525 414 2564 Curiis
433 2525 614 2576 Anglicis
643 2540 768 2577 usque
797 2527 847 2565 ad
876 2528 1025 2566 festum
1053 2528 1209 2567 Natalis
1239 2530 1403 2568 Domini
1433 2532 1614 2582 proxime

106 2580 301 2627 futurum,
333 2592 402 2629 per
430 2585 644 2630 praesentes
674 2586 743 2619 etc.
809 2581 851 2619 T.
910 2581 1031 2633 Rege,
1053 2583 1160 2633 apud
1180 2583 1439 2636 Notingham,
1461 2586 1529 2623 xvi
1550 2585 1614 2623 die

106 2633 134 2672 J
137 2633 217 2671 ulii.

163 2742 224 2778 98.
257 2739 421 2792 [Patent
453 2740 575 2779 Rolls.
634 2743 684 2779 43
718 2741 829 2780 Edw.
866 2752 926 2780 ΙΙΙ.
962 2742 1117 2797 [1369],
1154 2750 1208 2796 pt.
1249 2747 1281 2792 1,
1316 2759 1367 2784 m.
1402 2745 1483 2799 33.]
1553 2746 1615 2786 De

108 2794 623 2844 exemplificatione—Rex
661 2795 845 2834 omnibus
881 2796 932 2835 ad
963 2810 1061 2847 quos
1090 2829 1098 2837 .
1131 2829 1139 2837 .
1171 2830 1178 2837 .
1211 2798 1464 2850 Inspeximus
1492 2813 1617 2851 quan-

109 2848 202 2886 dam
240 2848 564 2886 certificationem
602 2848 716 2886 nobis
753 2849 794 2887 in
834 2849 1078 2890 Cancellaria
1114 2857 1252 2891 nostra
1291 2867 1362 2903 per
1399 2853 1616 2893 Thesaura-

110 2902 213 2940 rium
244 2906 285 2940 et
316 2901 589 2940 Camerarium
622 2908 778 2941 nostros
807 2903 856 2942 de
887 2904 1076 2944 mandato
1106 2912 1242 2945 nostro
1271 2907 1430 2945 missam
1461 2907 1502 2946 in
1533 2907 1615 2947 haec

109 2956 230 2995 verba
245 2955 462 2995 :—Placita
500 2955 724 2995 clamanciae
762 2956 811 2995 de
858 2957 1111 2998 libertatibus
1150 2965 1190 2999 et
1228 2961 1463 3011 quietanciis
1509 2963 1615 3014 apud
