2033 3242
542 268 854 298 CARTULARIUM
875 267 1184 298 RIEVALLENSE.
1538 261 1560 297 2
1569 261 1587 297 1
1598 261 1619 298 7

105 373 291 428 quadam
312 373 525 426 pischaria
545 373 591 412 in
623 387 732 426 aqua
754 373 805 414 de
827 373 964 413 Thesa
984 373 1097 413 infra
1122 372 1361 413 manerium
1388 372 1441 413 de
1461 372 1623 426 Magna

105 430 543 479 Wirkesale—videl.‚
578 431 625 471 in
665 430 988 471 Trafforthcliffe
1023 443 1171 471 versus
1215 430 1433 479 orientem,
1473 443 1622 471 versus

105 488 390 543 Wyrkesale,1
421 489 548 529 meris
578 488 718 528 inter2
748 489 991 529 libertatem
1022 488 1232 528 libertatis
1263 487 1315 528 de
1346 487 1544 528 Allerton
1580 492 1623 528 et

105 546 344 594 Cliveland,
371 546 423 586 ad
456 546 711 599 capiendum
742 547 902 587 ibidem
932 546 1189 599 ubicunque,
1215 543 1334 585 tam3
1364 546 1410 585 in
1441 551 1622 599 stangno

104 604 341 645 molendini
370 603 542 652 ibidem,
565 617 694 657 quam
715 604 761 644 in
782 617 892 658 aqua
922 604 974 644 de
995 603 1142 652 These,
1164 616 1290 656 super
1321 608 1551 657 stangnum
1580 609 1624 643 et

105 663 256 703 subtus
298 665 538 715 stangnum,
581 662 846 702 omnimodas
887 662 1036 715 pisces,
1077 661 1313 702 secundum
1354 661 1623 702 voluntatem

103 733 238 768 suam,
260 719 378 760 omni
398 724 587 772 tempore
609 720 722 768 anni,
743 733 842 760 cum
863 720 1026 760 retibus
1052 723 1095 760 et
1115 719 1210 759 aliis
1242 719 1424 773 ingeniis
1446 719 1622 772 quibus-

103 790 286 831 cunque,
316 778 364 818 in
396 777 609 818 dominico
641 791 717 818 suo
738 782 788 817 ut
818 778 864 817 in
896 777 1030 826 feodo,
1052 790 1273 830 quousque
1305 776 1502 829 quaedam
1533 777 1622 817 Isa-

103 835 228 883 bella,
269 848 364 889 quae
397 835 482 875 fuit
516 849 625 876 uxor
664 835 847 875 WValteri
881 835 1207 888 Faucomberge,
1247 834 1411 883 militis,
1453 838 1496 875 et
1537 834 1622 883 alii,

102 892 320 946 quendam
346 893 563 933 Abbatem
594 893 645 933 de
676 892 894 945 Ryevalle,
925 893 1278 946 praedecessorem
1308 892 1503 945 praedicti
1532 893 1622 933 Ab-

104 951 215 991 batis
246 950 298 992 de
329 951 535 1004 praedicta
567 951 749 1004 piscaria
779 951 825 990 in
857 954 1007 1004 stagno
1038 950 1242 1004 praedicto
1264 951 1424 1004 injuste
1452 950 1622 991 deseisi-

102 1013 242 1057 erunt,
263 1008 316 1049 de
347 1022 432 1062 qua
454 1009 629 1062 quidem
660 1008 871 1049 deseisina
891 1008 1006 1049 idem
1039 1022 1176 1061 nuper
1196 1008 1344 1048 Abbas
1372 1008 1622 1048 arrainiavit

101 1066 319 1120 quandam
345 1067 523 1107 assisam
543 1080 692 1107 versus
714 1067 935 1119 praefatam
957 1066 1188 1107 Isabellam
1219 1070 1262 1106 et
1293 1066 1410 1115 alios,
1432 1071 1474 1106 et
1496 1066 1622 1107 sesci-

102 1138 205 1165 nam
235 1138 357 1165 suam
389 1124 440 1165 de
476 1124 658 1178 piscaria
692 1124 895 1177 praedicta
935 1124 981 1163 in
1014 1128 1163 1177 stagno
1203 1123 1406 1177 praedicto
1446 1137 1622 1177 recupe-

100 1182 223 1231 ravit,
256 1196 344 1222 una
374 1195 472 1223 cum
503 1182 701 1235 dampnis
732 1182 832 1230 suis,
868 1181 989 1234 cujus
1023 1181 1198 1234 quidem
1229 1181 1425 1221 Isabellae
1460 1185 1623 1221 statum

99 1253 189 1294 ego,
210 1240 414 1293 praefatus
445 1241 474 1281 J
477 1239 666 1280 ohannes
698 1239 841 1292 Sayer,
861 1252 978 1280 nunc
1007 1239 1153 1287 habeo,
1176 1242 1219 1279 et
1249 1239 1301 1279 de
1332 1252 1418 1292 qua
1448 1238 1624 1292 quidem

101 1297 296 1352 piscaria,
317 1302 407 1338 tam
428 1298 474 1337 in
503 1297 664 1351 stagnis
685 1297 901 1350 praedictis
932 1310 1063 1350 quam
1094 1310 1222 1350 super
1252 1300 1295 1337 et
1325 1297 1476 1337 subtus
1507 1296 1623 1337 idem

102 1360 346 1409 stangnum,
367 1355 507 1396 dictus
539 1355 765 1403 Henricus,
796 1368 911 1395 nunc
942 1355 1101 1403 Abbas,
1132 1358 1181 1394 ut
1212 1354 1265 1394 de
1292 1354 1389 1407 jure
1419 1354 1623 1395 Ecclesiae

100 1426 190 1454 suae
211 1413 263 1454 de
285 1413 490 1466 Ryevalle
511 1413 557 1453 in
579 1412 792 1453 dominico
817 1426 893 1453 suo
915 1418 965 1452 ut
986 1412 1039 1453 de
1060 1412 1194 1461 feodo,
1221 1413 1313 1465 jam
1344 1412 1391 1452 in
1420 1412 1624 1466 praesenti

101 1471 273 1512 seisitus
295 1471 442 1511 existit
458 1486 468 1522 ;
498 1470 666 1511 noverit
686 1470 944 1511 universitas
961 1475 1103 1511 vestra
1124 1483 1203 1519 me,
1219 1470 1446 1524 praesatum
1459 1470 1489 1511 J
1491 1470 1624 1510 ohan·

101 1542 213 1577 nem,
249 1528 472 1569 dominum
512 1528 691 1569 manerii
732 1528 934 1581 praedicti,
976 1528 1022 1568 in
1068 1532 1250 1582 stangno
1293 1533 1337 1569 et
1376 1527 1424 1568 in
1464 1528 1622 1569 seisina

102 1586 295 1640 ejusdem
315 1586 495 1627 manerii
516 1586 562 1626 in
583 1586 797 1626 dominico
818 1599 912 1627 meo
934 1590 984 1626 ut
1005 1586 1057 1627 de
1078 1586 1201 1626 feodo
1230 1586 1499 1635 existentem,
1528 1599 1622 1626 con-

100 1644 289 1693 cessisse,
310 1644 524 1685 relaxasse
545 1648 588 1684 et
608 1643 783 1684 omnino
804 1657 880 1697 pro
897 1658 966 1685 me
983 1647 1026 1685 et
1039 1643 1280 1684 haeredibus
1298 1644 1404 1685 meis
1426 1644 1622 1697 quietum

99 1701 305 1743 clamasse
336 1702 513 1755 praefato
534 1715 650 1742 nunc
670 1701 833 1742 Abbati
855 1706 897 1742 et
927 1702 1241 1743 successoribus
1272 1702 1361 1742 suis
1382 1707 1524 1742 totum
1550 1701 1622 1755 jus

99 1764 144 1801 et
177 1759 389 1801 clameum
425 1759 540 1813 quod
575 1759 722 1817 habeo,
753 1759 822 1800 vel
854 1760 998 1813 aliquo
1032 1759 1156 1800 modo
1193 1759 1349 1800 habere
1384 1764 1542 1813 potero,
1575 1759 1622 1799 in

100 1817 304 1871 praedicta
333 1817 525 1872 piscaria,
547 1817 704 1858 tamin
732 1822 912 1872 stangno
943 1831 1073 1872 quam
1095 1831 1222 1871 super
1249 1822 1294 1859 et
1323 1818 1476 1858 subtus
1507 1817 1623 1858 idem

99 1879 345 1930 stangnum,
376 1876 424 1915 in
458 1889 570 1929 aqua
600 1875 830 1929 praedicta:
863 1876 933 1916 Ita
963 1876 1077 1930 quod
1108 1889 1186 1916 nec
1217 1889 1293 1929 ego
1323 1889 1402 1916 nec
1433 1875 1621 1916 haeredes

100 1933 187 1974 mei
216 1966 225 1974 .
257 1966 266 1974 .
300 1966 309 1975 .
339 1938 383 1974 et
414 1947 488 1987 ego
515 1933 767 1988 [warraozty]
791 1934 981 1987 praefatis
1013 1934 1213 1982 Hernico,
1244 1947 1360 1974 nunc
1382 1933 1556 1982 Abbati,
1578 1936 1622 1974 et

98 1991 424 2032 successoribus.
486 1991 652 2032 Datum
672 1991 787 2045 apud
800 1991 1046 2046 Wyrksalle
1066 1992 1113 2031 in
1135 1991 1243 2032 festo
1266 1991 1473 2032 Omnium
1495 1991 1622 2032 Sanc-

100 2054 255 2098 torum,
285 2060 368 2090 A.D.
397 2049 625 2090 millesimo
656 2049 1078 2103 quadringentesimo
1103 2049 1305 2090 vicesimo
1335 2063 1458 2090 nono.
1520 2049 1621 2090 Hiis

100 2107 143 2147 T.
192 2106 410 2147 Willelmo
432 2106 735 2157 Malleverer43
767 2107 797 2148 J
801 2107 968 2148 ohanne
991 2107 1216 2161 Schipley3
1247 2107 1277 2148 J
1279 2107 1447 2148 ohanne
1470 2106 1619 2161 Sohip-

100 2168 188 2213 ton,
211 2164 447 2218 Armigeris
464 2181 473 2215 3
505 2168 548 2205 et
568 2165 730 2205 Thoma
751 2165 964 2214 Newsom,
985 2165 1158 2206 valetto.
1177 2164 1193 2188 ⁵

161 2279 350 2321 CCCIX.
393 2278 483 2335 [vii.
525 2278 625 2335 116]
662 2312 672 2323 .
715 2312 725 2322 .
770 2312 779 2321 .
817 2280 1155 2321 Bartholomaeus
1201 2280 1253 2321 de
1295 2279 1480 2321 Thoreni
1515 2312 1526 2322 .
1564 2313 1572 2321 .
1610 2292 1783 2325 ‚Grantby

100 2337 256 2379 Sciatis
287 2351 356 2378 me
382 2337 550 2378 dedisse
580 2370 588 2378 .
620 2370 628 2379 .
663 2370 671 2379 .
702 2337 903 2379 Ecclesiae
926 2338 964 2379 S.
988 2339 1140 2379 Mariae
1162 2338 1365 2380 Rievallis
1396 2371 1405 2380 .
1437 2372 1445 2379 .
1479 2371 1487 2378 .
1520 2352 1619 2379 con·
1639 2327 1792 2386 ssffihg'gffi

98 2409 222 2437 cessu
247 2398 290 2436 et
319 2395 431 2436 bona
451 2394 676 2436 voluntate
697 2395 918 2444 Willelmi,
941 2396 1019 2436 filii
1049 2400 1092 2437 et
1122 2396 1302 2438 haeredis
1333 2397 1430 2443 mei,
1450 2396 1496 2436 in
1527 2429 1536 2437 .
1569 2429 1577 2437 .
1609 2395 1827 2453 .{?gvr{3{¹tgf

98 2453 389 2501 elemosinam,
411 2453 516 2493 duas
537 2467 654 2494 acras
676 2458 798 2494 tenae
820 2467 925 2494 meae
947 2454 992 2494 in
1023 2454 1236 2495 teiritorio
1258 2454 1310 2495 de
1331 2454 1464 2494 Holm
1491 2454 1619 2507 juxta
1638 2461 1830 2527 ‘H‘ffigcrgssgrn

100 2510 324 2552 Holebeck
355 2511 408 2551 ad
433 2511 649 2551 Nordhalf
675 2511 896 2552 Fulldecte
928 2511 973 2551 in
996 2512 1235 2566 Hardenge,
1267 2512 1435 2560 liberas,
1457 2512 1619 2553 solutas
1638 2528 1850 2595 ξιιῖξξιίξὲξιοί

97 2574 143 2610 et
174 2569 341 2622 quietas
374 2601 381 2609 .
415 2602 422 2609 .
455 2602 463 2609 .
498 2583 506 2619 3
537 2573 579 2609 et
610 2569 830 2610 habebunt
851 2569 1034 2610 liberum
1065 2570 1302 2624 ingressum
1331 2575 1373 2611 et
1404 2583 1619 2623 egressum
1638 2603 1710 2628 „ay

97 2626 153 2667 ad
174 2626 427 2680 praedictum
449 2631 619 2680 pratum
640 2640 766 2667 suum
790 2641 866 2680 per
887 2632 1026 2667 totum
1048 2628 1311 2669 territorium
1332 2632 1375 2668 et
1396 2627 1546 2667 villam
1567 2626 1620 2667 de

100 2684 243 2725 Holm.
306 2685 515 2725 Praeterea
555 2684 653 2725 dedi
693 2685 753 2725 eis
795 2685 1010 2738 quandam
1051 2686 1291 2739 portionem
1331 2690 1456 2727 terrie
1491 2685 1620 2738 juxta

141 2795 153 2815 ¹
177 2796 275 2839 High
291 2797 456 2836 Worsall,
475 2798 548 2838 just
571 2801 634 2829 out
649 2798 685 2829 of
700 2797 820 2830 Clev-e
940 2798 953 2817 ³
979 2798 1073 2831 Cum.

98 2838 194 2936 Ιίιῖξί,
211 2840 293 2872 Low
309 2841 461 2873 Worsall
476 2841 581 2883 being
597 2841 723 2874 within
740 2841 821 2873 that
941 2868 953 2886 ⁴
987 2867 1194 2901 Wallwerer·

130 2893 140 2913 1
168 2886 255 2924 erty.

142 2926 953 2959 21ntra.··²
978 2928 1133 2960 XVritten
1150 2927 1279 2959 valrcc'.
