2033 3242
404 304 485 341 390
839 309 1151 340 (JARTULARIUM
1174 309 1477 339 RIEVALLENSE.

400 415 479 454 bile
509 415 751 454 estoverium
784 428 901 453 suum
933 414 975 452 in
1005 413 1133 452 boscis
1166 413 1344 463 ipsorum
1376 412 1544 451 Roberti
1574 418 1615 451 et
1648 411 1840 458 Isabellae,
1876 416 1918 449 et

400 469 605 508 haeredum
627 470 753 520 ipsius
774 468 954 507 Isabellae
982 498 990 506 .
1023 498 1031 506 .
1064 497 1071 506 .
1105 467 1146 505 in
1177 466 1426 518 Stainburgh
1452 466 1503 505 ad
1529 466 1846 505 comburendum
1874 465 1917 502 in

401 523 568 574 grangia
590 523 715 574 ipsius
734 523 905 561 Abbatis
926 527 968 560 et
993 533 1262 560 successorum
1289 534 1450 559 suorum
1479 521 1528 558 de
1558 520 1836 572 Falgthwaytl
1866 518 1917 558 de

401 577 519 628 lignis
539 577 650 616 siccis
666 582 706 616 et
728 576 898 628 putridis
917 581 1077 614 tantum
1093 590 1103 623 3
1129 580 1169 613 et
1184 574 1290 625 quod
1311 574 1486 613 habeant
1506 574 1675 613 liberum
1695 575 1917 625 ingressum

401 637 442 670 et
461 645 663 682 egressum
683 631 912 669 hominibus
928 635 969 668 et
988 629 1224 668 animalibus
1242 628 1322 667 suis
1341 628 1392 667 ad
1414 628 1644 678 praedictam
1664 640 1917 668 communam

401 690 573 735 pasturae
593 685 642 724 de
663 685 922 735 Stainbu1gh,
944 684 1029 722 sine
1057 683 1346 733 impedimento
1376 683 1656 733 praedictorum
1685 682 1853 721 Roberti
1876 686 1917 719 et

399 739 590 786 Isabellae,
613 744 654 777 et
673 739 877 777 haeredum
898 738 1023 789 ipsius
1052 737 1242 784 isabellae,
1265 742 1306 775 et
1335 737 1541 775 hominum
1571 750 1743 784 suorum,
1775 737 1916 786 imper-

400 799 577 844 petuum.
627 793 681 831 Et
700 793 804 831 idem
826 793 964 831 Abbas
984 792 1134 842 recepit
1154 791 1366 842 praedictos
1387 791 1610 829 Robertum
1631 797 1670 829 et
1691 790 1914 837 Isabellam,

399 852 441 886 et
459 847 637 885 haeredes
658 847 782 898 ipsius
812 846 1002 894 Isabellae,
1025 847 1067 884 in
1087 845 1255 896 singulis
1276 845 1478 883 beneficiis
1499 851 1539 883 et
1559 845 1807 883 orationibus
1827 857 1916 895 quae

397 901 448 940 de
468 907 610 940 caetero
630 901 729 940 fient
747 901 789 939 in
809 901 985 940 Ecclesia
1004 914 1075 939 sua
1094 899 1143 938 de
1163 899 1343 938 Rievalle
1362 899 1669 950 imperpetuum.

455 1006 517 1043 59.
550 1003 713 1057 [Coram
737 1005 857 1056 Rege.
908 1004 1032 1043 Henr.
1057 1014 1116 1042 ΙΙΙ.
1143 1003 1297 1057 [1239]‚
1322 1004 1398 1043 No.
1424 1005 1485 1048 32,
1507 1017 1558 1042 m.
1586 1005 1646 1041 11.
1669 1003 1832 1042 Easter:
1865 1004 1914 1040 23

398 1058 522 1097 Henr.
555 1058 636 1112 HL]
693 1059 812 1098 Ebor.
869 1059 1062 1110 Rogerus,
1085 1059 1221 1097 Abbas
1242 1057 1292 1096 de
1318 1057 1554 1106 Rivallibus,
1577 1071 1648 1108 per
1668 1061 1917 1095 attornatum

396 1126 513 1151 suum
542 1113 691 1164 optulit
710 1127 751 1152 se
771 1127 831 1151 1111
851 1113 916 1152 die
945 1126 1083 1152 versus
1109 1112 1353 1151 Willelmum
1373 1112 1423 1150 de
1452 1111 1533 1150 Ros
1563 1112 1613 1150 de
1641 1111 1788 1162 placito
1808 1109 1917 1161 quod

396 1227 600 1260 carucatas
629 1227 745 1260 terrae
774 1252 783 1260 .
816 1253 823 1260 .
855 1253 862 1260 .
896 1222 937 1259 in
958 1222 1173 1268 Tilestona,
1197 1225 1237 1259 et
1257 1233 1508 1258 communam
1537 1226 1710 1270 pasturae
1740 1224 1781 1257 et
1808 1218 1917 1258 bosci

395 1276 437 1313 in
458 1275 695 1314 Halmelake
725 1280 766 1314 et
794 1275 984 1321 Pokhele‚
1007 1289 1096 1326 quae
1116 1280 1228 1313 tenet
1247 1282 1288 1313 et
1308 1275 1357 1313 de
1382 1287 1438 1322 eo,
1462 1281 1547 1322 etc,
1570 1281 1612 1312 et
1639 1273 1746 1312 unde
1767 1279 1917 1311 cartam

396 1329 563 1368 Roberti
593 1330 642 1368 de
671 1330 762 1376 Ros,
796 1330 921 1381 patris
949 1331 1073 1381 ipsius
1095 1329 1298 1376 willelmi,
1331 1329 1444 1379 cujus
1474 1328 1598 1366 haeres
1628 1333 1699 1375 cst,
1731 1332 1804 1366 etc.
1863 1326 1917 1365 Et

398 1383 624 1422 Willelmus
640 1397 720 1422 non
736 1384 849 1423 venit
861 1390 933 1423 etc.
974 1384 1027 1422 Et
1041 1384 1308 1422 summonitus
1321 1388 1392 1421 etc.
1410 1382 1620 1433 judicium.
1655 1381 1917 1420 Attachiatus

395 1437 504 1488 quod
524 1438 576 1476 sit
595 1452 618 1476 a
638 1437 702 1477 die
723 1437 759 1476 S.
783 1438 992 1477 Michaelis
1012 1438 1053 1476 in
1073 1451 1200 1476 unum
1219 1450 1407 1482 mensem,
1430 1442 1503 1475 etc.

452 1543 513 1580 60.
546 1541 661 1594 [Feet
692 1542 733 1580 of
763 1542 893 1581 Fines.
926 1542 1043 1581 Ebor.
1081 1544 1212 1590 20-24,
1246 1541 1369 1580 Henr.
1404 1551 1464 1580 ΠΙ.
1502 1540 1654 1594 [1240]‚
1691 1540 1767 1579 No.
1807 1538 1915 1593 168]

398 1594 493 1634 Haec
511 1601 571 1634 est
599 1627 607 1635 .
641 1628 649 1636 .
681 1627 689 1635 .
721 1596 829 1647 apud
849 1597 982 1643 Ebor.,
999 1597 1041 1634 in
1061 1597 1234 1635 crastino
1251 1596 1288 1634 S.
1308 1595 1508 1634 Johannis
1528 1595 1732 1646 Baptistae,
1749 1594 1802 1632 Αο
1817 1608 1844 1632 r.
1866 1594 1913 1632 R.

399 1649 519 1688 Henr.
543 1660 604 1688 ΙΙΙ.
627 1650 819 1701 vigesimo
839 1657 994 1701 quarto,
1017 1664 1149 1689 coram
1169 1650 1347 1688 Roberto
1368 1650 1417 1688 de
1437 1650 1675 1696 Lexintona,
1699 1647 1915 1699 Radulpho

395 1703 444 1742 de
468 1703 641 1754 Sulleye,
665 1704 867 1743 Willelmo
893 1705 943 1743 de
972 1704 1241 1751 Culewurthe,
1272 1704 1434 1742 Jollano
1461 1704 1511 1742 de
1541 1703 1713 1749 Neville,
1738 1703 1915 1741 Roberto

395 1757 444 1795 de
474 1757 602 1808 Haya,
635 1758 796 1796 Simone
826 1759 876 1797 de
906 1759 1041 1806 Hales,
1074 1764 1114 1797 et
1133 1758 1328 1796 XVarnero
1349 1757 1398 1796 de
1425 1758 1631 1809 Engayne,
1660 1756 1913 1804 Justiciariis,

396 1811 508 1849 Inter
533 1812 734 1850 Matillam
758 1813 881 1851 filiam
903 1813 1108 1860 willelmi,
1142 1818 1360 1864 petentem,
1388 1817 1429 1850 et
1458 1812 1601 1858 Adam,
1632 1811 1832 1849 Abbatem
1863 1810 1913 1848 de

395 1865 560 1914 Rivalle,
597 1872 815 1914 tenentem,
852 1867 902 1905 de
935 1880 1015 1905 una
1049 1881 1139 1905 acra
1173 1867 1278 1918 prati
1308 1897 1315 1905 .
1349 1897 1356 1905 .
1389 1897 1411 1913 .,
1434 1866 1476 1903 in
1505 1865 1776 1916 Mensington‚
1805 1863 1913 1902 unde

396 1919 587 1970 placitum
606 1920 686 1959 fuit
705 1921 811 1959 inter
831 1934 897 1959 eos
918 1921 959 1959 in
976 1920 1115 1959 eadem
1131 1920 1404 1967 Curia—scil„
1422 1919 1528 1970 quod
1549 1919 1739 1970 praedicta
1754 1917 1914 1956 Matilla

395 1974 548 2012 remisit
567 1979 608 2012 et
621 1975 804 2025 quietum
820 1975 1007 2013 clamavit
1021 1975 1071 2014 de
1092 1988 1132 2013 se
1153 1981 1194 2013 et
1214 1974 1437 2012 haeredibus
1458 1974 1539 2012 suis
1559 1973 1748 2024 praedicto
1761 1971 1914 2010 Abbati

394 2032 436 2066 et
463 2058 471 2066 .
506 2059 513 2067 .
546 2059 554 2067 .
585 2028 770 2067 Ecclesiae
790 2043 871 2067 suae
892 2029 941 2068 de
961 2029 1117 2068 Rivalle
1138 2035 1270 2067 totum
1290 2028 1355 2078 jus
1376 2033 1416 2066 et
1436 2028 1622 2066 clamium
1643 2026 1751 2078 quod
1771 2026 1914 2064 habuit

394 2082 436 2119 in
470 2086 557 2121 toto
587 2083 777 2133 praedicto
806 2088 922 2133 prato
952 2114 960 2122 .
993 2115 1000 2123 .
1033 2113 1041 2122 .
1074 2083 1171 2129 scil„
1200 2083 1242 2121 in
1272 2088 1359 2121 toto
1393 2087 1508 2132 prato
1538 2081 1645 2132 quod
1674 2082 1779 2132 jacet
1807 2081 1914 2119 inter

395 2140 553 2186 pratum
574 2136 739 2174 Domini
760 2137 808 2175 de
833 2137 1033 2188 Burgeley
1054 2143 1094 2176 et
1122 2142 1283 2188 pratum
1313 2136 1423 2175 Petri
1453 2135 1524 2174 filii
1546 2135 1752 2181 Willelmi,
1773 2135 1914 2186 imper—

395 2194 570 2239 petuum.
629 2190 683 2228 Et
703 2204 774 2242 pro
791 2191 863 2229 hac
892 2191 1124 2230 remissione
1156 2222 1164 2230 .
1195 2222 1202 2230 .
1235 2222 1243 2230 .
1276 2191 1384 2229 idem
1403 2190 1541 2229 Abbas
1570 2189 1684 2228 dedit
1713 2188 1913 2240 praedictae

394 2243 562 2282 Matillae
583 2244 595 2281 i
616 2258 789 2283 marcam
809 2246 979 2296 argenti.

450 2348 511 2384 61.
544 2346 660 2399 [Feet
692 2348 733 2386 of
753 2348 882 2387 Fines.
940 2348 1058 2388 Ebor.
1119 2349 1237 2386 25-30
1267 2347 1391 2386 Henr.
1423 2356 1484 2385 ΙΙΙ.
1518 2345 1671 2398 [124Ο],
1703 2345 1777 2384 No.
1803 2344 1911 2398 201.]

395 2399 492 2438 Haeo
513 2407 573 2438 est
603 2431 610 2439 .
643 2432 651 2439 .
685 2432 692 2439 .
726 2402 831 2452 apud
852 2403 984 2450 Ebor.,
1002 2403 1043 2440 in
1064 2403 1227 2441 octabus
1249 2401 1285 2440 S.
1310 2401 1482 2448 Hillarii,
1503 2402 1556 2438 A⁰
1576 2414 1603 2439 r.
1628 2400 1672 2438 R.
1699 2400 1822 2438 Henr.
1847 2409 1909 2437 ΙΙΙ.

395 2453 547 2507 [blank]
609 2454 753 2493 Coram
785 2455 836 2507 [T
835 2456 878 2494 he
910 2470 1008 2495 same
1040 2456 1197 2494 chstices
1230 2469 1272 2493 as
1309 2456 1349 2493 in
1380 2455 1454 2493 No.
1491 2453 1572 2506 60],
1612 2454 1726 2492 Inter
1763 2453 1909 2500 Adam,

394 2508 596 2546 Abbatem
616 2508 665 2547 de
685 2509 853 2558 Rivalle‚
878 2516 1123 2561 querentem,
1147 2515 1187 2548 et
1207 2510 1429 2548 Robertum
1449 2508 1499 2546 de
1520 2508 1760 2559 Sproxtona,
1784 2507 1911 2546 defor-

394 2561 577 2609 ciantem,
608 2562 658 2601 de
685 2576 895 2602 communa
922 2570 1094 2614 pasturae
1125 2564 1167 2602 in
1197 2563 1415 2610 Oustscow‚
1448 2568 1489 2600 et
1517 2562 1610 2600 inde
1639 2562 1746 2600 idem
1775 2561 1910 2600 Abbas

394 2621 557 2666 questus
587 2616 665 2654 fuit
685 2617 791 2667 quod
819 2618 1033 2668 praedictus
1061 2618 1260 2656 Robertus
1287 2630 1367 2654 non
1397 2616 1577 2667 permisit
1602 2616 1734 2666 ipsum
1764 2615 1910 2654 habere

393 2683 645 2708 communam
674 2670 715 2708 in
746 2670 953 2710 Oustscow
982 2685 1103 2722 quam
1132 2672 1173 2710 in
1203 2685 1248 2709 ea
1278 2671 1424 2709 habere
1454 2670 1585 2715 debet,
1621 2670 1775 2708 ratione
1803 2674 1910 2707 tene-

392 2724 519 2761 menti
548 2724 609 2762 sui
638 2724 679 2762 in
704 2724 815 2763 West
835 2725 1055 2765 Newtona:
1096 2726 1149 2763 Et
1177 2725 1284 2763 unde
1314 2724 1504 2774 placitum
1534 2723 1612 2761 fuit
1641 2724 1746 2761 inter
1772 2736 1839 2761 eos
1866 2723 1908 2761 in

393 2777 532 2816 eadem
570 2778 842 2827 Curia—scil,
883 2779 990 2830 quod
1030 2779 1244 2830 praedictus
1282 2778 1419 2817 Abbas
1457 2778 1610 2816 remisit
1649 2782 1689 2815 et
1727 2777 1907 2827 quietum

393 2830 580 2870 clamavit
600 2832 649 2870 de
670 2845 710 2871 se
732 2837 773 2870 et
792 2833 1082 2872 successoribus
1103 2833 1183 2871 suis
1204 2837 1244 2871 et
1269 2832 1445 2870 Ecclesia
1471 2845 1541 2869 sua
1560 2831 1610 2869 de
1636 2831 1793 2869 Rivalle
1813 2843 1908 2880 prae-

392 2884 500 2924 dicto
531 2885 708 2925 Roberto
740 2891 780 2924 et
813 2887 1038 2925 haeredibus
1068 2887 1147 2926 suis
1178 2891 1309 2925 totum
1335 2886 1411 2936 jus,
1444 2890 1530 2932 etc„
1561 2885 1669 2935 quod
1698 2884 1840 2923 habuit
1864 2884 1905 2921 in

1043 2973 1053 2991 ¹
1079 2973 1291 3013 Filthhuayst.
