2033 3242
330 213 409 249 292
765 219 1077 249 CARTULARIUM
1100 219 1403 248 RiEVALLENSE.

327 325 571 374 bercariam,
593 328 635 365 et
676 324 727 365 de
768 323 973 378 capiendo
1005 323 1136 364 libere
1169 322 1221 363 de
1252 323 1378 363 bosco
1410 322 1546 377 ipsius
1579 321 1753 363 Ricardi
1787 321 1841 362 ad

328 397 449 437 sepes
484 383 537 423 ad
571 382 830 423 claudendas
852 381 1076 435 praedictas
1101 384 1260 421 terras:
1292 381 1581 422 Donationem
1611 413 1619 421 .
1653 414 1660 422 .
1693 413 1701 422 .
1734 393 1840 433 quas

329 441 536 482 Ricardus
559 441 610 481 de
633 440 873 493 Sproxtona
904 472 911 479 .
945 471 953 479 .
984 471 993 479 .
1026 438 1128 479 fecit
1152 438 1245 478 Deo
1276 471 1284 478 .
1317 471 1325 479 .
1358 471 1366 480 .
1398 439 1450 479 de
1482 439 1705 480 duodecim
1731 438 1838 478 acris

328 503 463 548 terrae,
494 512 591 539 cum
621 497 909 551 pertinenciis,
931 496 977 536 in
1008 496 1216 550 Batingge
1237 496 1399 550 riding:
1429 497 1718 537 Donationem
1749 529 1756 536 .
1789 529 1797 537 .
1831 529 1839 536 .

329 570 434 611 quas
466 556 675 597 Robertus
697 555 813 595 filius
848 554 1002 608 Rogeri
1032 554 1111 593 filii
1141 553 1298 594 Siwine
1319 554 1371 595 de
1392 554 1718 595 West-neutona
1749 586 1757 594 .
1789 586 1796 594 .
1831 587 1839 594 .

329 615 431 655 fecit
451 615 544 655 Deo
576 646 584 654 .
617 645 625 655 .
657 645 665 654 .
697 613 749 653 de
769 617 861 652 toto
883 615 1041 653 essarto
1063 625 1139 652 suo
1160 611 1206 651 in
1228 625 1376 666 campo
1399 611 1450 652 de
1473 612 1711 665 Sproxtona
1728 611 1842 665 quod

329 676 505 713 vocatur
542 669 891 724 SiWinesriding,1
927 684 1024 711 cum
1055 669 1357 723 pertinenciis:
1403 670 1690 711 Donationem
1731 702 1740 710 .
1782 702 1790 710 .
1832 701 1841 710 .

330 744 435 784 quas
470 729 716 770 Willelmus
752 728 867 769 filius
903 728 1080 768 Roberti
1119 728 1224 768 Line
1260 727 1312 768 de
1349 727 1589 781 Sproxtona
1619 761 1627 768 .
1659 761 1667 769 .
1699 760 1708 769 .
1741 727 1843 768 fecit

329 788 422 828 Deo
445 820 453 828 .
476 820 483 828 .
507 820 515 827 .
538 787 589 827 de
610 787 775 827 duabus
797 786 903 826 acris
924 790 1047 826 terrae
1077 799 1176 826 cum
1199 785 1487 839 pertinenciis,
1508 785 1554 825 in
1576 785 1841 839 Sproxtona:

329 845 618 886 Donationem
649 878 657 886 .
690 877 698 885 .
731 877 738 885 .
770 844 1064 885 remissionem
1105 847 1147 884 et
1187 843 1377 897 quietam
1417 843 1697 884 clamanciam
1737 856 1843 897 quas

329 903 576 944 Willelmus
598 903 711 943 filius
733 902 918 943 Simonis
939 902 991 942 de
1013 902 1254 955 Sproxtona
1285 934 1293 943 .
1325 933 1333 943 .
1367 935 1375 942 .
1408 901 1512 942 fecit
1541 902 1634 942 Deo
1665 933 1674 942 .
1705 934 1714 943 .
1745 932 1754 942 .
1790 901 1843 942 de

330 967 505 1016 pastura
536 961 588 1001 ad
611 961 826 1015 octoginta
847 974 946 1000 oves
968 960 1013 1000 in
1036 960 1287 1013 Sproxtona,
1309 973 1407 1000 cum
1426 959 1559 1000 libero
1586 959 1780 1013 ingressu
1801 962 1844 999 et

330 1033 510 1074 egressu,
531 1019 777 1072 ubicunque
808 1051 816 1059 .
850 1051 857 1059 .
890 1051 897 1058 .
931 1022 973 1058 et
994 1018 1046 1058 de
1067 1022 1157 1058 toto
1183 1018 1280 1071 jure
1311 1022 1354 1058 et
1384 1017 1537 1058 clamio
1566 1030 1661 1071 quae
1681 1016 1845 1066 habuit,

329 1078 398 1118 vel
420 1078 575 1117 habere
600 1078 752 1130 potuit,
774 1076 821 1116 in
848 1080 939 1116 tota
969 1089 1197 1116 communa
1212 1080 1398 1129 pasturae
1420 1075 1472 1116 de
1491 1076 1842 1116 West-neutona:

330 1135 641 1177 Remissionem
675 1169 682 1176 .
715 1167 723 1176 .
755 1167 763 1175 .
797 1148 903 1188 quas
925 1133 1172 1174 Willelmus
1194 1134 1307 1174 filius
1330 1133 1507 1174 Roberti
1528 1134 1580 1174 de
1602 1133 1842 1186 Sproxtona

329 1225 338 1236 .
370 1227 378 1235 .
411 1227 419 1235 .
452 1194 554 1234 fecit
593 1192 756 1233 Abbati
796 1196 839 1233 et
879 1191 1099 1232 monachis
1139 1191 1356 1245 praedictis
1397 1191 1449 1232 de
1490 1191 1656 1231 duobus
1696 1190 1844 1231 solidis

330 1252 505 1306 argenti,
547 1264 653 1305 quos
694 1251 776 1291 sibi
816 1250 1041 1290 annuatim
1081 1249 1242 1290 solvere
1288 1253 1602 1290 consueverunt
1641 1262 1717 1302 pro
1758 1248 1844 1289 fine

331 1310 571 1351 Comitatus
593 1313 635 1349 et
655 1308 930 1362 Wapentagii
951 1322 1027 1362 pro
1049 1312 1232 1361 quatuor
1252 1307 1460 1348 carucatis
1482 1312 1605 1348 terrae
1635 1307 1680 1347 in
1701 1307 1843 1347 West-

329 1372 543 1409 neutona:
566 1367 893 1408 Concessionem
913 1399 921 1406 .
945 1399 953 1407 .
977 1399 985 1408 .
1007 1380 1111 1419 quas
1133 1366 1357 1414 Robertus,
1378 1365 1592 1406 Dominus
1614 1365 1665 1405 de
1688 1365 1843 1418 Sprox-

329 1431 442 1475 tona,
464 1425 578 1466 filius
599 1424 809 1465 Willelmi
831 1424 882 1464 de
904 1424 1144 1477 Sproxtona
1165 1456 1173 1464 .
1197 1457 1205 1465 .
1227 1456 1235 1464 .
1258 1424 1360 1464 fecit
1379 1423 1542 1464 Abbati
1563 1427 1605 1464 et
1625 1421 1846 1463 monachis

330 1483 543 1538 praedictis
566 1483 617 1523 de
637 1487 728 1523 tota
750 1482 977 1522 donatione
998 1496 1127 1535 quam
1149 1482 1360 1522 Robertus
1391 1481 1442 1522 de
1465 1482 1717 1535 Sproxtona,
1738 1493 1845 1521 avus

330 1556 445 1592 suus,
477 1541 756 1590 dedit—scil,
788 1540 901 1593 quod
934 1540 1120 1580 habeant
1155 1553 1310 1593 aquam
1333 1539 1385 1580 de
1410 1539 1527 1580 fonte
1549 1538 1652 1593 qui2
1684 1538 1768 1578 fuit
1798 1538 1845 1578 in

331 1605 450 1641 curte
480 1599 615 1653 ipsius
644 1599 817 1639 Roberti
838 1598 891 1638 ad
913 1598 1156 1638 ducendum
1187 1611 1261 1651 per
1293 1597 1552 1638 conductum
1583 1610 1658 1651 per
1688 1601 1845 1637 terram

331 1672 452 1699 suam
484 1658 535 1698 de
558 1657 797 1710 Sproxtona
829 1670 965 1709 usque
996 1656 1049 1696 ad
1083 1655 1302 1710 grangiam
1332 1655 1523 1709 ipsorum
1551 1655 1602 1695 de
1633 1655 1846 1703 Neutona,

330 1716 442 1757 sicut
463 1715 546 1756 sibi
576 1715 763 1755 viderint
784 1713 938 1754 melius
960 1714 1170 1768 expedire,
1192 1718 1234 1754 et
1259 1713 1310 1753 de
1332 1713 1491 1767 origine
1523 1726 1644 1766 aquae
1674 1712 1721 1752 in
1750 1725 1846 1766 pas-

330 1779 427 1815 tura
458 1774 509 1814 de
530 1772 861 1814 Esemore—Ita
883 1772 996 1825 quod
1025 1771 1217 1812 conversi
1249 1771 1300 1811 de
1331 1771 1532 1824 praedicta
1562 1771 1747 1824 grangia,
1769 1783 1844 1810 seu

331 1832 563 1873 servientes
586 1845 741 1879 eorum,
764 1829 960 1884 quotiens
982 1843 1087 1883 opus
1109 1829 1347 1877 habuerint,
1369 1829 1616 1882 praedictam
1638 1828 1845 1882 originem

330 1890 463 1931 libere
495 1889 660 1944 possint
693 1901 878 1942 quaerere
914 1892 956 1928 et
997 1887 1130 1940 sequi,
1151 1891 1240 1928 tam
1273 1887 1319 1926 in
1351 1887 1554 1940 praedicta
1586 1891 1761 1939 pastura
1792 1885 1845 1926 de

331 1948 530 1988 Esemore
571 1961 701 2001 quam
743 1951 874 1994 extra,
911 1946 947 1986 si
983 1945 1144 1986 ibidem
1177 1945 1358 1993 deficiat,
1395 1944 1584 1997 exceptis
1622 1943 1760 1984 bladis
1801 1948 1844 1984 et

331 2006 477 2060 pratis,
499 2011 541 2046 et
562 2006 721 2046 circum
743 2004 921 2045 eandem
950 2003 1104 2053 fodere,
1133 2007 1176 2043 et
1203 2002 1401 2043 fossando
1424 2002 1684 2043 conductum
1717 2015 1844 2042 suum

332 2064 559 2105 extendere
581 2076 715 2116 usque
747 2062 800 2102 ad
821 2075 943 2115 aquae
964 2061 1171 2115 originem
1192 2060 1267 2100 ubi
1289 2060 1551 2100 commodius
1573 2073 1667 2100 eam
1693 2059 1843 2099 inven-

331 2122 391 2162 ire
422 2121 623 2175 poterint,
653 2126 742 2161 tam
774 2133 902 2173 supra
932 2124 1088 2160 terram
1120 2119 1256 2172 ipsius
1287 2118 1462 2159 Roberti
1498 2131 1627 2171 quam
1668 2117 1846 2168 subtus;

331 2193 497 2220 necnon
522 2185 565 2220 et
587 2179 847 2219 conductum
883 2191 1009 2218 suum
1031 2177 1230 2231 quotiens
1267 2190 1373 2230 opus
1403 2176 1536 2216 fuerit
1556 2189 1763 2229 reparare,
1784 2188 1843 2215 re-

331 2251 488 2278 novare
528 2241 571 2277 et
605 2249 810 2285 amovere,
839 2249 887 2276 ac
923 2235 1013 2289 sepi
1049 2235 1119 2275 vel
1154 2248 1276 2274 muro
1313 2234 1519 2283 claudere,
1554 2237 1603 2273 ut
1638 2247 1749 2286 aqua
1789 2232 1844 2273 ad

330 2295 548 2350 grangiam
571 2308 696 2335 suum
716 2293 965 2348 praedictam
983 2293 1113 2334 libere
1135 2293 1270 2347 possit
1291 2306 1470 2341 currere,
1492 2305 1565 2332 seu
1587 2304 1844 2345 quocunque

332 2354 415 2394 alio
448 2353 573 2393 modo
609 2351 873 2393 decreverint
909 2351 1239 2392 advenire—Ita
1271 2350 1383 2404 quod
1420 2364 1507 2390 non
1542 2349 1670 2390 liceat
1706 2348 1844 2389 eidem

378 2461 387 2480 ¹
410 2461 447 2493 It
471 2470 581 2492 seems
605 2459 794 2500 expedient
816 2461 854 2490 to
877 2458 974 2490 draw
991 2460 1042 2489 at-

332 2505 470 2538 tention
494 2507 532 2535 to
555 2503 626 2535 this
657 2503 746 2534 local
776 2513 877 2533 name
904 2502 973 2533 and
996 2502 1043 2533 its

332 2547 592 2581 unmistakable
629 2546 750 2588 origin.
830 2545 904 2577 The
942 2556 1043 2576 name

333 2592 464 2630 Sivine‚
485 2590 612 2622 Siwine
637 2589 719 2628 (and
744 2589 779 2619 in
804 2589 904 2620 other
920 2588 1038 2627 forms,

332 2637 378 2668 all
403 2634 583 2667 doubtless
606 2632 792 2674 originally
808 2632 876 2663 due
902 2634 939 2663 to
968 2632 1040 2673 Sig-

331 2681 429 2718 Win),
447 2678 477 2710 is
493 2678 528 2709 of
544 2677 707 2718 frequent
723 2686 939 2714 occurrence,
959 2676 1039 2713 and,

331 2724 368 2756 in
395 2721 550 2762 scarcely
573 2720 679 2751 fewer
705 2719 891 2757 instances,
917 2718 946 2750 is
969 2729 1040 2750 cor-

331 2766 461 2808 rupted
477 2765 552 2796 into
570 2763 693 2795 Swine.
727 2762 809 2793 And
825 2762 932 2793 hence
949 2773 1040 2793 ama-

331 2813 411 2842 teur
442 2807 704 2840 derivationists
731 2816 790 2836 are
816 2807 878 2836 not
909 2804 1040 2836 seldom

330 2853 388 2886 led
405 2853 480 2884 into
496 2850 702 2891 connecting
717 2849 801 2880 such
818 2859 937 2880 names
953 2848 1040 2879 with

332 2898 393 2929 the
406 2895 533 2938 porker
545 2894 667 2935 family
678 2891 815 2925 instead
829 2892 865 2924 of
879 2903 900 2924 a
910 2892 1039 2923 human

1136 2457 1250 2500 being.
1311 2457 1354 2488 In
1382 2467 1446 2488 one
1477 2456 1645 2494 instance,
1675 2458 1713 2487 at
1743 2455 1844 2493 least,

1136 2501 1265 2533 known
1292 2504 1330 2532 to
1356 2501 1416 2532 the
1444 2500 1569 2539 editor,
1587 2499 1649 2531 the
1679 2499 1847 2530 “human

1136 2544 1239 2586 being
1252 2544 1269 2557 ’'
1298 2554 1368 2576 was
1394 2555 1414 2575 a
1438 2543 1573 2575 female.
1623 2543 1696 2574 The
1727 2552 1847 2574 names

1136 2588 1186 2627 (in
1231 2598 1325 2619 some
1359 2587 1449 2618 form
1487 2597 1526 2618 or
1563 2586 1678 2625 other)
1718 2585 1846 2618 Swine-

1134 2631 1267 2669 landes,
1325 2630 1602 2669 Swinethwaite,
1669 2629 1846 2661 Swinesti-

1135 2675 1270 2716 schage‚
1313 2673 1583 2715 Swineridding,
1625 2683 1663 2704 as
1695 2672 1776 2704 well
1809 2682 1847 2704 as

1134 2718 1262 2756 others,
1291 2728 1403 2749 occur.
1452 2717 1583 2757 Ridingy
1599 2727 1637 2748 or
1652 2715 1797 2755 riddiny
1818 2715 1849 2747 is

1134 2761 1262 2803 simply
1283 2771 1304 2792 a
1327 2760 1480 2802 clearing
1502 2760 1602 2791 made
1626 2760 1662 2791 in
1686 2758 1786 2791 wood
1809 2769 1849 2790 or

1134 2804 1242 2836 brush
1259 2803 1312 2835 for
1328 2803 1557 2846 agricultural
1572 2813 1751 2845 purposes.

1177 2890 1190 2909 ²
1212 2890 1370 2923 Written
1388 2900 1460 2929 que.
