2033 3242
704 282 1039 314 1NTRonucr10N.
1474 274 1630 314 lxxxiii

114 387 406 444 Karleolum,
424 387 554 451 apud
573 387 888 436 Beaumound
908 406 920 445 ;
957 395 1005 436 et
1025 389 1220 436 interim
1241 390 1375 436 misit
1398 389 1625 453 majorem

110 479 297 534 partem
323 471 559 518 exercitus
591 471 664 518 sui
699 472 761 519 ad
797 472 1137 519 destruendam
1177 473 1386 536 patriam
1428 473 1622 520 circum—

112 572 314 619 quaque,
340 562 389 602 et
419 562 584 618 postea
621 556 852 618 processit
892 555 945 602 in
982 555 1213 620 Angliam
1252 573 1419 603 versus
1458 555 1624 603 Blake-

110 639 346 694 houmor3
384 638 497 701 quia
517 646 714 701 propter
750 638 1083 686 difficultatem
1121 657 1350 698 accessus,
1378 656 1623 703 nunquam

109 721 177 769 ibi
200 721 332 784 prius
356 729 568 778 venerat,
595 738 683 769 nec
705 730 865 785 partes
888 723 995 770 illas
1017 723 1321 771 destruxerat
1342 742 1350 771 :
1384 731 1491 770 tum
1515 723 1629 787 quia.

109 804 511 852 certitudinaliter
547 805 786 853 didicerat
820 807 1000 870 Regem
1032 807 1225 871 Angliae
1257 807 1325 854 ibi
1357 824 1469 855 esse.
1511 845 1519 854 .
1564 845 1572 853 .

110 887 329 945 Andreae,
370 896 546 946 autem,
602 889 705 936 Rex
765 889 1031 937 adventum
1081 891 1183 954 ejus
1241 891 1448 954 scripsit,
1501 908 1629 937 novo

109 971 288 1019 Comiti
312 972 538 1030 Karleoli,
565 980 620 1020 ut
656 991 822 1021 omnes
857 974 1062 1022 boriales
1099 975 1158 1022 de
1196 974 1444 1022 Comitatu
1469 992 1554 1022 suo
1581 983 1629 1022 et

110 1056 417 1113 Loncastriae,
458 1057 642 1119 equites
684 1065 733 1104 et
773 1057 976 1120 pedites,
1019 1058 1104 1121 qui
1127 1066 1323 1121 possent
1362 1058 1423 1105 ad
1446 1058 1627 1105 bellum

107 1138 378 1202 procedere,
401 1147 724 1203 congregaret,
749 1148 798 1187 et
816 1141 1004 1188 veniret
1025 1141 1116 1188 sibi
1135 1142 1184 1187 in
1206 1142 1443 1189 auxilium
1463 1148 1628 1188 contra

109 1224 305 1271 Scotos:
342 1224 472 1288 quod
497 1232 544 1271 et
566 1224 695 1280 fecit,
721 1224 893 1288 juncto
925 1224 1016 1272 sibi
1048 1225 1295 1273 Comitatu
1322 1225 1625 1282 Loncastriae,

108 1309 177 1355 ita
201 1306 332 1371 quod
355 1307 527 1355 habuit
551 1325 651 1354 XXX
676 1308 828 1355 millia
844 1307 1094 1355 hominum
1119 1317 1396 1371 paratorum
1422 1309 1483 1355 ad
1502 1326 1625 1372 proe—

108 1391 241 1438 lium.
331 1391 395 1438 Et
435 1391 549 1454 quia
586 1390 718 1438 Scoti
758 1399 896 1438 erant
934 1392 986 1438 in
1027 1399 1164 1455 parte
1209 1393 1447 1450 orientali,
1487 1392 1628 1439 duxit

108 1492 216 1522 suos
260 1492 345 1538 per
391 1482 551 1537 partes
598 1475 930 1532 occidentales,
977 1484 1032 1522 ut
1092 1476 1278 1524 veniret
1322 1476 1384 1523 ad
1429 1477 1622 1540 Regem.

107 1558 238 1605 Scoti
262 1575 375 1606 vero
395 1558 534 1605 viHas
553 1565 601 1605 et
617 1559 828 1606 maneria
847 1560 899 1606 in
919 1559 1271 1607 Blakehoumor
1291 1560 1623 1617 incenderunt,

106 1649 154 1689 et
198 1649 436 1705 quantum
472 1649 698 1705 poterant
739 1644 901 1690 omnia
944 1650 1274 1701 vastaverunt,
1319 1651 1367 1691 et
1409 1644 1627 1691 homines

106 1726 324 1789 captivos
371 1732 420 1772 et
467 1725 618 1788 spolia
655 1734 703 1773 et
743 1726 932 1790 praedas
972 1727 1253 1774 animalium
1302 1727 1623 1775 abduxerunt.

106 1809 275 1856 Comes
299 1816 460 1856 autem
485 1808 834 1867 Richmundiae,
869 1810 1109 1857 Dominus
1133 1811 1165 1858 J
1168 1811 1383 1858 ohannes
1408 1811 1467 1858 de
1499 1811 1623 1857 Brit-

104 1892 262 1950 annia,
286 1891 460 1939 missus
492 1910 601 1939 cum
638 1893 735 1940 suis
771 1911 830 1940 ex
870 1902 1006 1957 parte
1045 1895 1190 1959 Regis
1233 1895 1424 1959 Angliae
1459 1895 1521 1941 ad
1546 1912 1624 1941 ex-

104 1975 392 2040 plorandum
442 1975 717 2023 Scottorum
763 1978 1042 2034 exercitum,
1094 1979 1153 2026 de
1198 1979 1409 2042 quodam
1461 1986 1623 2026 monte

102 2061 227 2107 inter
262 2058 523 2106 Abbatiam
558 2060 617 2107 de
650 2059 1011 2125 Rievalli[l)u]s,
1036 2062 1152 2125 ipsis
1184 2062 1343 2109 subito
1376 2079 1622 2110 occurren-

102 2143 232 2191 tibus
267 2151 316 2190 et
348 2160 406 2190 ex
439 2144 681 2206 insperato
719 2145 1188 2207 supervenientibus,
1227 2146 1475 2192 nitebatur
1513 2163 1622 2192 cum

104 2227 215 2283 suis,
258 2243 343 2289 per
383 2226 566 2290 lapides
607 2227 856 2291 projectos,
896 2228 1130 2291 impedire
1168 2246 1418 2276 ascensum
1458 2246 1622 2276 eorum

103 2328 186 2374 per
211 2310 453 2374 quandam
489 2311 618 2357 viam
655 2318 836 2358 arctam
875 2319 923 2358 et
945 2312 1162 2359 strictam
1199 2313 1246 2360 in
1274 2320 1452 2361 monte.
1527 2312 1621 2360 Sed

103 2394 281 2442 Scottis
312 2393 534 2440 ferociter
571 2401 619 2441 ct
656 2395 893 2458 intrepide
930 2396 1298 2443 ascendentibus
1336 2414 1478 2460 super
1527 2414 1617 2453 eOS,

106 2477 249 2524 multi
297 2477 489 2541 Anglici
536 2495 622 2541 per
669 2478 833 2542 fugam
883 2488 1155 2536 evaserunt,
1203 2488 1251 2527 et
1300 2481 1444 2527 multi
1493 2481 1618 2544 capti

103 2568 228 2619 sunt,
280 2577 388 2607 cum
438 2561 625 2608 Comite
674 2563 961 2625 supradicto.
1005 2602 1012 2610 .
1056 2602 1063 2609 .
1107 2602 1114 2610 .
1158 2563 1297 2620 Quod
1344 2581 1453 2611 cum
1502 2564 1619 2627 Regi

101 2644 304 2708 Angliae,
332 2645 415 2707 qui
446 2652 562 2692 tunc
595 2653 696 2692 erat
726 2646 778 2692 in
815 2646 1025 2693 Abbatia
1050 2647 1108 2694 dc
1146 2647 1363 2704 Rivallis,
1391 2648 1618 2703 innotuit,

103 2729 219 2791 ipse,
246 2728 328 2791 qui
354 2745 540 2791 semper
563 2729 719 2776 fuerat
744 2731 899 2777 cordis
923 2731 1090 2793 pavidi
1128 2739 1175 2778 et
1206 2732 1535 2778 infortunatus
1568 2731 1615 2776 in

101 2811 252 2867 bellis,
280 2819 328 2858 et
358 2811 441 2874 qui
477 2811 667 2876 fugerat
697 2813 758 2860 ab
797 2814 863 2861 eis
905 2831 1004 2877 prae
1042 2815 1212 2862 timore
1239 2816 1289 2861 in
1316 2815 1490 2871 Scotia‚
1514 2814 1616 2876 jam

99 2894 263 2957 sugam
306 2894 416 2941 iniit
455 2895 506 2941 in
542 2895 732 2958 Anglia,
756 2913 870 2943 vasa
912 2914 997 2943 sua
1039 2906 1263 2961 argentea
1306 2906 1353 2945 et
1385 2914 1614 2961 magnum
