2033 3242
808 289 1040 319 Arrfixnlx.
1609 283 1690 322 367

170 395 337 434 “Nemo
356 393 534 432 militans
553 393 653 442 Deo,
677 401 764 442 etc.,
788 393 1029 432 saeculariter
1059 392 1176 445 agit,⁷'
1201 394 1252 432 ab
1273 392 1537 433 ecclesiastico
1557 395 1692 434 minis-

167 449 269 488 terio
289 449 360 486 fiat
380 448 533 486 alienus
564 461 636 499 pro
671 461 717 487 eo
752 447 873 499 quod,
896 447 1024 487 officio
1054 447 1227 486 clericali
1259 447 1399 486 relicto
1434 453 1474 486 et
1494 448 1689 499 neglecto,

165 503 355 542 fluctibus
392 501 526 541 saeouli
564 507 610 540 ut
650 502 883 553 potentibus
921 501 1076 553 placeat
1109 514 1151 540 se
1183 501 1399 552 immergit.
1457 502 1692 541 Districtius

167 561 304 596 autem
342 555 593 595 decernimus
630 556 884 608 puniendum
913 556 947 594 si
975 555 1271 607 Religiosorum
1304 555 1504 607 quispiam
1538 556 1692 608 aliquid

167 611 451 663 praedictorum
471 623 590 649 ausus
610 610 735 650 fuerit
755 614 1010 661 attemptare.

222 730 256 767 9.
289 737 396 766 XVII.
442 726 633 766 Monachi
675 740 757 766 non
796 727 925 778 pretio
959 726 1204 777 recipiantur
1242 726 1285 764 in
1314 726 1568 774 monasteria,
1610 740 1692 766 non

165 781 366 833 peculium
386 781 672 832 permittantur
700 781 874 821 habere:
903 793 986 819 non
1015 780 1164 832 singuli
1192 793 1264 831 per
1292 780 1408 819 villas
1438 785 1480 819 et
1506 780 1692 834 op[p]ida

165 849 236 875 seu
256 834 332 889 [in]
355 848 610 887 quascunque
639 834 908 886 parrochiales
934 839 1138 886 ponantur
1168 834 1361 882 ecclesias,
1385 834 1456 873 sed
1484 835 1526 873 in
1546 835 1692 887 majori

164 895 367 930 conventu
387 903 478 928 cum
507 889 709 940 aliquibus
738 888 932 927 fratribus
960 894 1161 936 maneant,
1183 901 1256 927 nec
1285 888 1359 927 soli
1382 889 1488 927 inter
1508 889 1690 929 homines

166 944 374 983 saeculares
412 943 684 994 spiritualium
726 943 905 982 hostium
934 943 1163 981 conflictum
1202 943 1688 994 expectent—Salomone

166 998 324 1038 dicente
361 997 460 1036 “Ut
495 997 579 1046 soli,
603 997 698 1048 quia
731 997 765 1036 si
798 996 986 1036 ceciderit
1016 996 1114 1036 etc.'⁷
1172 996 1216 1035 Si
1245 997 1333 1048 quis
1354 1002 1491 1036 autem
1522 1004 1687 1037 exactus

165 1066 238 1104 pro
286 1065 358 1091 sua
404 1051 682 1102 redemptione
720 1051 874 1102 aliquid
920 1050 1089 1099 dederit,
1130 1050 1181 1089 ad
1224 1064 1354 1090 sacros
1401 1052 1562 1091 ordines
1609 1066 1691 1092 non

165 1106 366 1146 ascendat.
424 1106 465 1145 Is
485 1111 630 1152 autem,
654 1105 723 1157 qui
751 1118 843 1144 eum
872 1105 1078 1156 receperit,
1110 1104 1227 1144 officii
1256 1105 1316 1143 sui
1346 1106 1571 1157 privatione
1595 1106 1693 1145 mul-

165 1166 289 1200 tetur.
347 1160 426 1209 Qui
454 1173 550 1199 vero
579 1159 780 1210 peculium
808 1159 1006 1207 habuerit,
1029 1159 1107 1197 nisi
1140 1159 1190 1198 ab
1208 1158 1371 1198 Abbate
1400 1159 1524 1199 fuerit
1553 1161 1590 1199 ei
1618 1174 1691 1212 pro

166 1215 350 1266 injuncta
383 1214 732 1253 administratione
767 1213 1032 1261 commissum,
1069 1226 1092 1252 a
1123 1214 1402 1253 communione
1436 1221 1692 1254 removeatur

166 1269 304 1308 altaris
319 1284 330 1317 3
358 1273 399 1307 et
427 1268 497 1319 qui
525 1269 568 1306 in
597 1268 788 1307 extremis
822 1281 914 1307 cum
942 1267 1099 1318 peculio
1127 1267 1318 1307 inventus
1347 1267 1482 1317 fuerit,
1504 1273 1545 1307 et
1571 1269 1692 1321 digne

165 1336 248 1362 non
279 1322 525 1374 poenituerit,
547 1336 629 1361 non
650 1321 801 1361 oblatio
828 1335 902 1373 pro
936 1335 982 1360 eo
1016 1322 1098 1369 fiat,
1119 1334 1191 1360 nec
1220 1321 1327 1360 inter
1346 1322 1491 1361 fratres
1524 1323 1692 1375 recipiat

168 1377 418 1429 sepulturam
433 1391 445 1425 3
474 1376 582 1427 quod
612 1376 734 1415 etiam
763 1375 812 1414 de
842 1375 1010 1414 diversis
1039 1375 1253 1427 Religiosis
1281 1376 1534 1427 praecipimus
1563 1377 1694 1417 obser-

164 1431 262 1472 vari.
307 1431 608 1481 Abbasssautem,
627 1430 697 1481 qui
712 1429 928 1482 diligenter
943 1430 1022 1468 ista
1041 1443 1123 1468 non
1139 1430 1349 1478 curaverit,
1369 1431 1485 1469 officii
1502 1431 1564 1470 sui
1579 1432 1693 1471 foris-

166 1485 364 1524 facturam
384 1498 425 1523 se
444 1484 605 1523 noverit
624 1485 891 1523 incursurum.
933 1483 1143 1522 Prioratus
1159 1497 1319 1535 quoque
1336 1497 1407 1523 seu
1422 1485 1693 1534 obedientiae,1

167 1540 289 1591 pretii
308 1539 483 1586 datione,
514 1538 639 1577 nulli2
667 1538 927 1587 tribuantur3
957 1537 1137 1589 alioquin
1157 1543 1198 1577 et
1225 1538 1369 1578 dantes
1389 1544 1431 1578 et
1453 1540 1692 1591 recipientes

167 1608 190 1633 a
208 1593 432 1633 ministerio
451 1593 637 1632 Ecclesiae
665 1593 766 1631 fiant
795 1592 926 1632 alieni.
984 1592 1145 1631 Priores
1173 1597 1322 1641 autem,
1345 1606 1436 1632 cum
1462 1594 1504 1632 in
1526 1607 1693 1634 conven-

167 1648 345 1687 tualibus
365 1647 539 1686 ecclesiis
559 1647 712 1686 fuerint
732 1646 954 1695 constituti,
977 1646 1055 1684 nisi
1075 1660 1147 1698 pro
1167 1647 1381 1686 manifesta
1402 1653 1442 1687 et
1461 1648 1693 1688 rationabili

167 1715 285 1741 causa
300 1715 382 1741 non
396 1700 800 1749 mittentur—videl,
819 1701 853 1740 si
868 1700 1179 1752 dilapidationes
1194 1701 1358 1749 fuerint,
1375 1702 1407 1740 si
1423 1702 1465 1740 in
1478 1702 1694 1742 Conventu

166 1756 356 1804 vixerint,
390 1760 461 1795 aut
497 1755 577 1794 tale
617 1755 770 1806 aliquid
809 1755 975 1807 egerint,
1017 1759 1087 1794 aut
1125 1755 1160 1794 si
1198 1755 1248 1794 de
1286 1757 1489 1795 communi
1527 1757 1692 1797 consilio

166 1810 340 1849 fratrum
359 1823 431 1861 pro
451 1809 613 1861 majoris
634 1809 873 1849 necessitate
895 1809 1012 1848 officii
1031 1809 1185 1848 fuerint
1204 1810 1487 1849 transferendi.

225 1929 284 1966 10.
318 1937 444 1966 XVIII.
478 1925 536 1979 [7]
559 1926 664 1965 Cum
691 1927 735 1965 in
764 1926 905 1965 eodem
925 1939 1089 1977 corpore
1124 1925 1258 1964 omnia
1277 1925 1429 1965 debent
1449 1940 1500 1965 ex
1525 1928 1692 1968 caritate

167 1981 342 2028 tractari,
367 1986 408 2020 et
428 1981 537 2032 quod
556 1981 682 2032 gratis
702 1986 909 2032 receptum
929 1984 990 2019 est
1009 1979 1134 2031 gratis
1154 1979 1345 2031 impendi,
1363 1980 1555 2021 horribile
1575 1983 1694 2022 nimis

167 2041 229 2074 est
248 2035 356 2087 quod
375 2035 418 2073 in
438 2035 681 2086 quibusdam
701 2034 874 2074 ecclesiis
894 2033 1091 2073 venalitas
1110 2034 1385 2085 per[h]ibetur
1398 2035 1531 2074 locum
1546 2036 1693 2077 habere

166 2090 227 2128 ita
258 2095 305 2128 ut
341 2103 414 2140 pro
453 2089 659 2140 episcopis,
694 2089 761 2128 vel
796 2088 1019 2136 abbatibus,
1056 2101 1127 2127 seu
1165 2089 1472 2140 quibuscunque
1510 2092 1692 2140 personis

169 2143 443 2183 ecclesiasticis
481 2143 677 2194 ponendis
715 2142 758 2181 in
797 2141 902 2190 sede,
936 2155 1006 2181 seu
1042 2141 1347 2182 introducendis
1384 2144 1618 2194 presbiteris
1650 2146 1693 2185 in

169 2197 386 2245 ecclesiam,
408 2210 563 2236 necnon
592 2210 665 2248 pro
695 2196 913 2247 sepulturis
942 2201 984 2234 et
1013 2196 1193 2247 exequiis
1221 2201 1484 2246 mortuorum,
1508 2203 1549 2238 et
1577 2200 1693 2239 bene-

169 2250 414 2291 dictionibus
444 2251 697 2299 nubentium,
720 2263 790 2289 seu
819 2250 907 2289 aliis
936 2251 1194 2289 sacramentis
1228 2251 1516 2301 ecclesiasticis,
1538 2253 1692 2305 aliquid

167 2305 409 2356 requiratur,
433 2309 473 2343 et
492 2318 574 2343 non
593 2304 721 2356 possit
749 2305 828 2343 ista
855 2304 1059 2356 percipere
1077 2304 1146 2343 ille
1166 2305 1235 2356 qui
1254 2305 1411 2357 indiget
1429 2307 1508 2345 nisi
1527 2321 1693 2348 manum

168 2359 335 2410 implere
375 2358 576 2398 curaverit
611 2358 823 2410 largitoris,
896 2358 1052 2397 Putant
1089 2363 1224 2398 autem
1258 2373 1309 2398 ex
1346 2360 1409 2399 his
1443 2361 1576 2412 plures
1615 2364 1693 2402 sibi

167 2414 288 2452 licere
322 2413 416 2464 quia
449 2413 578 2464 legem
612 2413 755 2452 mortis
789 2412 840 2451 de
873 2412 994 2464 longa
1026 2412 1240 2452 invaluisse
1270 2415 1561 2455 consuetudine
1589 2418 1693 2456 arbi-

168 2472 341 2516 trentur,
363 2480 445 2506 non
474 2467 581 2514 satis,
614 2467 708 2518 quia
741 2465 961 2518 cupiditate
992 2467 1149 2505 caecatiss
1168 2472 1273 2517 sunt,
1296 2469 1552 2509 attendentes
1583 2471 1691 2522 quod

169 2526 284 2561 tanto
332 2521 518 2573 graviora
553 2526 647 2559 sunt
685 2520 852 2559 crimina
894 2525 1046 2572 quanto
1086 2521 1238 2560 diutius
1276 2521 1478 2562 infelicem
1516 2525 1690 2564 animam

167 2575 374 2614 tenuerint
392 2574 606 2626 alligatam.
653 2575 717 2614 Ne
736 2575 862 2626 igitur
880 2574 955 2614 hoc
975 2575 1024 2614 de
1046 2579 1188 2615 caetero
1208 2577 1289 2625 fiat,
1311 2578 1406 2616 nec4
1426 2577 1490 2616 vel
1511 2580 1690 2629 personis

170 2628 444 2669 ecclesiasticis
478 2628 723 2668 deducendis
752 2629 804 2668 ad
837 2628 983 2678 sedem,
1014 2629 1080 2668 vel
1113 2630 1387 2670 sacerdotibus
1415 2631 1688 2682 instituendis,

170 2683 233 2723 vel
253 2682 491 2735 sepeliendis
510 2683 691 2732 mortuis,
709 2696 780 2722 seu
800 2683 922 2722 etiam
940 2683 1223 2723 benedicendis
1241 2685 1498 2734 nubentibus,
1517 2700 1587 2726 seu
1602 2687 1690 2727 aliis

212 2786 225 2806 1
248 2786 345 2825 4Υοη,
354 2786 567 2824 redundant,
578 2786 608 2818 is
620 2785 779 2818 inserted
791 2786 886 2818 here.
966 2786 1057 2818 after
1075 2797 1101 2826 c,
1120 2786 1190 2818 and
1207 2797 1248 2819 ca
1263 2787 1407 2820 written
1423 2788 1544 2821 above.

213 2830 225 2850 ²
248 2831 407 2863 Written
428 2830 536 2869 nulla,
554 2829 621 2861 but
644 2830 705 2862 the
722 2840 745 2861 α
762 2829 889 2862 dotted
1009 2829 1023 2848 4
1046 2829 1130 2862 This
1145 2830 1269 2863 stands
1282 2836 1312 2863 et
1328 2831 1365 2863 in
1377 2831 1602 2875 Chartulary.
1653 2834 1689 2867 It

170 2874 293 2913 under,
315 2873 386 2906 and
402 2873 415 2904 i
431 2873 576 2905 written
592 2873 712 2906 above.
966 2873 1085 2905 would
1101 2877 1267 2906 construe
1287 2875 1474 2917 certainly,
1493 2875 1523 2907 if
1546 2876 1612 2909 left
1636 2888 1684 2911 so.

211 2917 225 2937 3
251 2918 411 2950 Written
438 2916 504 2949 ceci
535 2927 574 2949 or
601 2918 673 2956 ceti,
703 2916 773 2948 and
804 2916 892 2948 then
968 2917 1041 2949 But
1052 2916 1114 2949 the
1125 2917 1350 2950 emendation
1363 2918 1400 2951 in
1412 2919 1474 2951 the
1486 2922 1565 2952 text
1576 2931 1688 2954 seems

169 2961 350 2994 corrected
379 2960 428 3003 by
459 2971 478 2992 a
509 2960 611 2992 mark
643 2960 747 2992 made
777 2959 891 2993 below
969 2959 1178 3002 preferable.
