2033 3242
348 248 367 284 1
378 247 429 284 64
781 253 1093 284 CARTULARIUM
1114 252 1421 284 RIEVALLENSE.

346 364 448 400 sunt
469 372 729 409 conservare,
746 358 1006 406 confirmare,
1023 361 1066 398 et
1082 357 1135 398 ab
1152 357 1270 398 omni
1281 357 1594 412 inquietatione
1615 357 1858 398 defensare:

346 421 390 459 et
436 417 484 458 hi
528 417 703 471 quidem
740 415 853 472 [qui]
896 415 1114 469 religionis
1154 415 1328 456 tramite
1368 414 1580 471 arc[t]iori
1620 415 1674 455 ad
1713 415 1859 455 Deum

346 475 532 516 tendunt
554 475 750 528 ampliori
771 474 998 515 dilectione
1021 477 1122 514 sunt
1153 473 1451 526 amplectendi,
1472 472 1721 522 honorandi,
1742 475 1784 513 et
1805 471 1858 512 ab

346 533 465 574 omni
499 533 725 574 vexatione
755 531 1023 585 prohibendi,
1055 531 1271 584 quatinus,
1303 546 1327 572 a
1357 532 1549 585 qualibet
1582 530 1859 572 infestatione

346 591 484 640 liberi,
504 591 676 631 valeant
701 589 827 630 liberi
857 590 950 630 Deo
981 593 1024 629 et
1053 588 1246 630 laborare
1277 593 1321 630 et
1350 603 1512 638 vacare,
1533 594 1577 630 et
1607 589 1662 629 ad
1691 589 1860 629 lucrum

348 711 587 748 carrucatas
618 710 741 747 terrae
772 705 818 745 in
850 705 948 746 Grif
979 709 1021 745 et
1051 708 1136 745 vque
1166 705 1213 745 in
1244 705 1488 755 Tillestona,
1509 719 1615 759 quas
1639 704 1860 745 Walterus

348 765 486 818 Espec
520 765 566 804 in
602 762 937 804 monasterium1
975 763 1012 803 S.
1036 762 1187 803 Mariae
1222 763 1275 803 de
1305 763 1509 813 Rievalle‚
1541 797 1548 804 .
1582 796 1590 804 .
1623 796 1631 804 .
1664 762 1861 810 contulit,

348 836 448 863 cum
469 821 633 863 caeteris
656 835 750 875 quae
771 821 824 862 ad
846 820 994 861 villam
1014 820 1066 861 de
1089 820 1334 862 Helmeslac
1364 822 1592 874 pertinent,
1616 821 1727 862 sicut
1746 820 1862 860 idem

348 880 567 921 Walterus
588 879 737 920 divisit
758 884 801 920 et
822 879 970 932 scripti
996 879 1063 919 sui
1092 879 1247 933 pagina
1277 880 1555 928 confirmavit,
1577 882 1619 920 et
1646 879 1862 919 Dominus

349 943 504 987 noster,
545 938 639 978 Rex
687 937 940 991 Anglorum‚
980 936 1157 977 inclitus
1198 937 1424 987 Henricus,
1465 938 1590 991 regiae
1640 936 1863 990 dignitatis

348 996 572 1050 privilegio
587 996 782 1044 sancivit,
796 1009 872 1035 nos
896 1008 1065 1048 quoque
1086 995 1131 1035 id
1147 995 1298 1035 devote
1315 1000 1565 1044 annuentes,
1582 1004 1791 1048 quantum
1809 993 1863 1034 ad

350 1053 589 1107 episcopale
625 1053 913 1094 ministerium
948 1053 1147 1106 pertinet,
1177 1053 1365 1107 integras
1402 1051 1546 1109 [147b]
1580 1059 1621 1093 et
1656 1053 1709 1093 ab
1746 1051 1863 1092 omni

349 1113 525 1153 servitio
543 1116 587 1152 et
608 1111 830 1152 exactione
851 1110 1012 1152 solutas
1035 1115 1077 1151 et
1109 1111 1275 1164 quietas
1307 1111 1579 1151 concedimus
1611 1115 1653 1151 et
1678 1123 1862 1164 praesen-

350 1170 460 1210 tium
482 1170 755 1211 attestatione
777 1169 999 1210 literarum
1024 1170 1335 1210 confirmamus.
1403 1169 1631 1210 Monemus
1658 1168 1790 1222 igitur
1821 1172 1865 1208 et

350 1228 605 1268 auctoritate
641 1232 786 1268 nostra
821 1227 867 1267 in
903 1227 1172 1268 terminando
1208 1227 1505 1268 interdicimus
1541 1241 1594 1268 ne
1636 1227 1864 1280 quisquam

350 1286 504 1327 fratres
527 1287 619 1326 Deo
640 1286 686 1326 in
708 1285 901 1326 Rievalle
919 1285 1164 1334 servientes,
1182 1285 1251 1326 vel
1267 1299 1332 1326 res
1354 1299 1511 1334 eorum,
1525 1290 1664 1334 vexet,
1685 1285 1865 1331 minuat,

351 1344 441 1385 sive
479 1344 623 1397 aliqua
651 1344 824 1397 angaria
860 1343 1096 1396 inquietet3
1141 1343 1214 1384 sed
1247 1343 1284 1384 si
1325 1343 1420 1397 quis
1461 1343 1717 1384 temeritatis
1757 1355 1865 1382 ausu

351 1402 684 1455 praesumpserit,
720 1402 757 1442 si
792 1415 878 1441 non
915 1401 1043 1455 digna
1079 1402 1370 1442 satisfactione
1411 1401 1654 1450 correxerit,
1686 1404 1866 1454 exurgat

351 1460 470 1501 Deus
492 1466 534 1501 et
551 1460 716 1514 judicet
737 1473 907 1500 causam
928 1473 1059 1500 suam.

127 1586 311 1612 Attestation
416 1575 612 1616 CCXIX.
650 1586 843 1616 CLXXHH.
881 1574 1125 1623 Henricus,2
1158 1575 1210 1615 D.
1246 1575 1315 1616 Gr.
1349 1575 1472 1616 Ebor.
1495 1574 1868 1628 Archiepiscopus,

127 1620 338 1686 ξῖςξὲξὲρῃη
356 1633 555 1674 omnibus
577 1633 888 1674 successoribus
907 1633 994 1673 suis
1013 1637 1055 1673 et
1070 1633 1269 1686 Capitulo
1291 1633 1428 1682 Ebor.,
1449 1633 1642 1674 salutem.
1703 1633 1867 1673 Notum

126 1688 284 1749 ἕξξξζξῗΐῖ
358 1691 414 1732 sit
435 1692 633 1732 omnibus
664 1725 672 1732 .
705 1724 712 1732 .
745 1724 752 1731 .
786 1689 940 1746 [quod]
972 1691 1183 1731 Robertus
1215 1691 1267 1731 de
1289 1692 1387 1740 Ros,
1409 1692 1455 1731 in
1476 1690 1702 1744 praesentia
1723 1697 1868 1731 nostra

129 1755 331 1815 g‘s'ssssffissssion
358 1753 401 1790 et
420 1749 655 1790 multorum
691 1748 873 1789 aliorum
909 1749 1177 1789 confirmavit
1212 1754 1255 1790 et
1291 1749 1501 1790 concessit
1533 1748 1734 1789 Ecclesiae
1769 1748 1866 1788 Rie-

131 1823 252 1862 Espec's
357 1807 540 1848 vallensi
559 1807 703 1848 omnia
723 1807 835 1847 dona
856 1820 950 1860 quae
981 1806 1155 1847 dederat
1185 1806 1248 1846 illi
1270 1807 1489 1848 Walterus
1520 1807 1669 1860 Espec,
1691 1807 1802 1847 sicut
1822 1806 1868 1846 in

129 1857 252 1924 &32³¹
358 1869 474 1906 carta
504 1866 639 1919 ipsius
675 1865 859 1906 Walteri
894 1865 1030 1918 Espec
1062 1864 1318 1914 continetur,
1350 1879 1444 1918 quae
1474 1864 1537 1905 ibi
1567 1864 1678 1905 lecta
1719 1869 1783 1905 est
1823 1865 1869 1905 in

356 1923 576 1964 audientia
616 1928 769 1963 nostra.
844 1923 1028 1975 Insuper
1068 1923 1265 1976 promisit
1296 1923 1457 1964 Domui
1490 1923 1557 1962 illi
1593 1928 1635 1963 et
1666 1922 1869 1964 fratribus

357 1995 527 2023 omnem
562 1981 960 2031 manutenentiam3
1006 1985 1047 2021 et
1083 1981 1271 2034 primum
1306 1981 1397 2022 haec
1434 1981 1576 2021 omnia
1606 1985 1870 2021 sacramento

357 2039 554 2089 firmavit,
577 2039 729 2080 deinde
752 2038 1121 2080 Christianitatem
1154 2039 1200 2079 in
1230 2053 1362 2079 manu
1392 2053 1486 2080 mea
1507 2052 1592 2092 qua
1613 2053 1656 2079 se
1679 2039 1869 2079 obsidem

357 2097 488 2145 dedit,
509 2102 552 2138 et
571 2111 640 2138 me
661 2097 851 2151 plegium
873 2097 1098 2137 constituit
1128 2097 1180 2137 de
1201 2097 1268 2138 his
1290 2097 1498 2137 omnibus.
1562 2096 1608 2136 Si
1628 2097 1760 2150 igitur
1781 2096 1870 2137 haeo

359 2155 502 2195 omnia
522 2155 838 2208 transgrediens
868 2155 1116 2208 praedictam
1146 2155 1335 2195 Domum
1365 2155 1436 2196 vel
1467 2155 1618 2195 fratres
1650 2156 1696 2195 in
1726 2155 1870 2208 aliquo

360 2213 591 2262 vexaverit,
636 2213 706 2253 vel
755 2213 1041 2266 possessiones
1083 2226 1230 2253 eorum
1270 2213 1488 2262 invaserit,
1530 2213 1599 2253 vel
1639 2213 1686 2253 in
1726 2213 1870 2266 aliquo

361 2271 553 2320 minuere
592 2271 878 2324 temptaverit,
919 2270 1203 2311 ecclesiastica
1252 2285 1431 2311 censura
1470 2275 1723 2320 coerceatur,
1765 2276 1808 2311 et
1847 2284 1872 2311 a

362 2328 555 2369 districto
572 2328 728 2382 judice,
745 2329 781 2368 si
802 2343 887 2369 non
909 2342 1091 2382 congrue
1113 2329 1378 2377 satisfecerit,
1395 2329 1441 2369 in
1463 2334 1653 2370 extremo
1675 2329 1870 2369 examine

358 2386 585 2440 judicetur.
627 2386 772 2438 Hujus
790 2387 850 2427 rei
866 2387 1012 2427 Testes
1027 2392 1128 2427 sunt
1143 2385 1266 2442 [148]
1281 2387 1491 2427 Robertus
1507 2387 1847 2427 Archidiaconus
1863 2401 1872 2438 3

365 2448 408 2485 et
439 2443 643 2484 Canonici
673 2444 809 2493 Ebon,
840 2445 1021 2485 Thomas
1044 2444 1312 2499 Sotavagina,
1334 2445 1570 2486 Nicholaus
1593 2445 1644 2485 de
1665 2444 1806 2493 Traili‚
1828 2449 1871 2486 et

365 2501 592 2555 Philippus
614 2501 665 2541 de
688 2502 799 2551 Broi,
820 2507 863 2542 et
885 2503 1012 2556 Hugo
1034 2502 1086 2543 de
1108 2503 1234 2544 Gant.

141 2633 265 2671 charter.
275 2632 306 2658 of
426 2617 595 2658 CCXX.
649 2627 802 2657 CLXXV.
855 2617 1072 2670 Rogerus?
1122 2619 1173 2659 D.
1217 2618 1288 2660 Gr.
1328 2618 1450 2659 Ebor.
1502 2617 1872 2672 Archiepiscopus,

140 2667 307 2732 {¹}0ffr‘2tffin
367 2675 565 2716 omnibus
579 2674 749 2715 decanis
772 2675 870 2724 suis,
892 2676 1082 2717 salutem.
1146 2676 1298 2717 Sciatis
1319 2689 1396 2716 nos
1418 2677 1654 2729 suscepisse
1674 2677 1719 2716 in
1741 2689 1872 2716 manu

140 2734 350 2793 ξξῑρζῐέξθὲθΐ
368 2737 410 2774 et
431 2733 692 2787 protectione
713 2737 857 2773 nostra
887 2733 1063 2774 dilectos
1095 2734 1204 2774 filios
1235 2738 1411 2783 nostros,
1443 2734 1671 2774 monachos
1703 2733 1872 2775 Rieval-

140 2800 286 2833 Episcopi.
365 2791 515 2840 lenses,
537 2795 580 2831 et
601 2790 751 2831 fratres
773 2804 930 2839 eorum,
953 2795 995 2831 et
1022 2805 1088 2832 res
1111 2805 1265 2833 corum.
1326 2792 1389 2832 Ea
1409 2797 1582 2845 propter
1611 2792 1732 2832 vobis
1754 2805 1872 2832 inan-

406 2881 417 2901 1
442 2882 660 2913 Monasterio.
1197 2881 1210 2901 3
1234 2883 1349 2925 Roger
1364 2882 1408 2914 dc
1432 2883 1544 2916 Ponte
1569 2883 1745 2924 Episcopi,
1775 2884 1873 2915 1154-

405 2925 418 2945 2
443 2925 565 2966 Henry
579 2925 738 2964 Murdac,
760 2925 842 2959 1147
861 2927 898 2956 ‘to
914 2926 1007 2957 1153.
1158 2927 1251 2958 1181.
