2033 3242
560 287 875 318 CARTULARIUM
895 287 1199 318 RIEVALLENSE.
1554 281 1634 319 159

123 392 284 432 tionem
304 391 534 432 Forestarii
554 391 650 441 mei,
672 395 714 433 et
744 392 798 433 ad
830 391 1208 433 summonitionem
1229 391 1320 446 ejus
1340 392 1636 442 removebunt,

121 454 216 490 octo
232 449 380 490 diebus
397 449 450 489 ab
472 462 520 489 eo
541 450 792 502 praemoniti,
810 454 853 490 et
868 449 1074 504 quicquid
1089 450 1135 490 in
1156 449 1254 490 illas
1274 450 1473 491 inciderit
1493 464 1637 491 meum

123 507 203 548 erit
231 511 385 560 praeter
413 520 564 560 pecora
595 521 752 548 eorum.
813 508 870 548 Et
899 512 1088 562 pastores
1119 521 1263 548 eorum
1298 507 1429 548 libere
1459 512 1638 549 utentur

121 564 321 604 cornibus
341 564 389 604 in
409 564 569 605 eisdem
589 566 774 619 pasturis
804 570 976 619 propter
996 565 1152 606 bestias
1184 570 1227 606 et
1255 564 1469 606 latrones}
1530 566 1637 607 Haec

122 621 265 662 omnia
286 621 384 662 dedi
405 621 465 663 eis
495 622 542 662 in
571 655 581 664 .
615 655 623 663 .
653 655 663 664 .
695 623 980 672 elemosinam,
1011 623 1144 664 libera
1175 626 1218 664 et
1248 623 1388 664 soluta
1418 627 1462 664 et
1491 623 1638 677 quieta

122 712 131 720 .
163 711 173 722 .
205 712 214 720 .
245 679 445 720 Tenenda
489 679 536 719 in
576 684 842 733 perpetuum,
879 680 1112 721 Reddendo
1147 680 1281 722 michi
1316 685 1359 721 et
1394 680 1635 722 haeredibus

123 737 230 778 meis
259 737 484 778 annuatim
514 738 578 778 iias
608 738 801 780 marchas
833 739 1008 793 argenti,
1029 752 1160 780 unam
1196 739 1250 780 ad
1281 739 1563 780 Pentecosten
1594 743 1637 779 et

122 794 300 835 alteram
335 794 390 836 ad
424 795 584 836 festum
622 796 660 837 S.
695 795 884 845 Martini,
920 809 994 850 pro
1030 796 1227 837 omnibus
1263 796 1459 838 servitiis.
1531 797 1637 838 Haec

122 852 266 893 omnia
288 852 387 893 dedi
408 853 468 894 eis
489 853 551 894 ita
571 853 704 894 libera
725 854 837 895 sicut
857 854 1001 908 aliqua
1032 854 1262 895 elemosina
1282 858 1424 908 potest
1445 868 1637 908 unquam

122 910 215 951 dari
230 910 383 951 melius
406 915 448 951 et
469 911 646 952 liberius
669 916 711 952 et
733 912 943 965 quietius3
973 915 1015 952 et
1032 925 1107 965 ego
1124 915 1166 952 et
1181 911 1368 953 haeredes
1385 912 1471 952 mei
1487 926 1636 953 manu-

122 968 365 1009 tenebimus
403 973 446 1009 et
482 969 854 1010 warantizabimus
890 969 1106 1023 praedictis
1140 969 1360 1010 monachis
1393 970 1514 1024 [144]
1546 970 1637 1012 haec

121 1026 265 1066 omnia
295 1059 304 1066 .
376 1059 385 1068 .
418 1030 461 1067 et
481 1026 822 1080 adquietabimus
839 1027 1036 1068 omnibns
1057 1027 1243 1068 servitiis
1260 1030 1303 1068 et
1318 1027 1637 1068 consuetudini-

123 1083 214 1124 bus.
275 1083 332 1125 Et
353 1084 454 1137 quia
474 1084 571 1125 volo
602 1088 652 1125 ut
681 1084 773 1126 haec
804 1084 1035 1125 elemosina
1065 1098 1160 1126 mea
1189 1085 1312 1125 firma
1333 1085 1390 1125 sit
1411 1099 1576 1139 semper
1595 1090 1638 1127 et

123 1141 303 1190 stabilis,
325 1155 400 1196 ego
430 1143 523 1196 ipse
544 1147 588 1183 et
607 1140 728 1183 xiicim
758 1143 881 1183 liberi
911 1142 1104 1183 homines
1134 1143 1221 1183 mei
1250 1142 1449 1184 manibus
1480 1144 1637 1184 nostris

123 1198 392 1240 affidavimus
437 1200 484 1240 in
528 1213 659 1240 manu
700 1199 911 1241 Willelmi
951 1200 1003 1241 de
1043 1199 1314 1241 Mundevilla
1354 1200 1444 1241 haec
1495 1201 1638 1242 omnia

124 1256 307 1297 fideliter
328 1262 371 1297 et
402 1258 493 1298 sine
523 1258 635 1298 malo
666 1258 836 1312 ingenio
861 1257 1068 1298 servanda
1097 1258 1144 1298 in
1171 1261 1438 1311 perpetuum.
1500 1259 1574 1299 Set
1595 1263 1639 1300 et

122 1314 358 1356 Ecclesiam
378 1315 516 1364 Ebor.‚
535 1316 581 1355 in
603 1316 724 1369 cujus
756 1315 956 1369 Capitulo
987 1315 1098 1356 hanc
1128 1315 1416 1356 affidationem
1447 1316 1539 1365 feci,
1562 1330 1637 1370 ego

122 1375 166 1413 et
196 1372 389 1425 praedicti
418 1372 612 1414 homines
642 1373 728 1414 mei
757 1373 909 1413 horum
942 1373 1135 1413 omnium
1165 1377 1319 1414 testem
1349 1373 1463 1414 inter
1492 1387 1560 1414 me
1595 1378 1638 1415 et

123 1429 295 1471 eosdem
315 1431 546 1472 monachos
577 1430 791 1480 constitui,
813 1431 875 1471 ita
905 1435 956 1471 ut
985 1431 1023 1471 si
1053 1444 1129 1485 ego
1159 1431 1229 1472 vel
1259 1430 1448 1472 haeredes
1479 1432 1564 1473 mei
1585 1432 1637 1472 ab

124 1487 205 1528 hac
221 1488 437 1529 dotatione
459 1493 502 1529 et
517 1488 646 1541 hujus
669 1493 794 1530 cartae
815 1492 960 1529 tenore
977 1488 1147 1530 deviare
1168 1489 1533 1543 temptaverimus,
1546 1490 1638 1543 ipsa

122 1545 312 1586 Ecclesia
332 1546 387 1586 ad
417 1546 507 1587 haec
528 1546 777 1600 exequenda
797 1560 873 1587 nos
895 1546 1180 1588 ecclesiastica
1209 1551 1378 1588 revocet
1399 1547 1637 1602 disciplina.

124 1603 207 1644 His
229 1603 272 1644 Τ.
333 1604 498 1657 Rogero
519 1604 642 1646 Ebor.
668 1604 1025 1658 Archiepiscopo.2

182 1752 375 1794 CCXVI.
408 1753 876 1814 TRANSCRIPTUM
908 1754 1115 1795 CARTAE
1145 1754 1227 1795 DE
1256 1754 1575 1797 KIRCHAM.³

182 1850 329 1892 Sciant
349 1855 577 1905 praesentes
599 1855 642 1893 et
663 1852 801 1892 futuri
821 1851 935 1905 quod
957 1865 1044 1905 ego,
1065 1851 1284 1892 Walterus
1305 1851 1453 1905 Espec,
1476 1852 1573 1893 dedi
1595 1855 1637 1893 et
1656 1867 1737 1900 copy
1749 1867 1841 1894 orum

123 1909 313 1950 concessi
359 1909 586 1951 Canonicis
619 1910 671 1951 de
704 1910 915 1951 Kircham
948 1909 1170 1950 ecclesiam
1202 1909 1254 1950 de
1284 1909 1506 1958 Kircham‚
1538 1923 1636 1951 cum

122 1981 210 2007 una
245 1971 441 2008 carucata
468 1972 592 2009 terrae
608 1972 651 2009 et
681 1968 880 2009 omnibus
912 1967 1051 2008 eidem
1082 1967 1270 2008 ecclesiae
1297 1967 1635 2021 pertinentibus:

123 2029 167 2065 et
188 2024 409 2066 ecclesiam
431 2026 483 2066 de
514 2025 715 2075 Gartona,
738 2039 837 2066 cum
869 2039 955 2066 una
977 2029 1174 2065 carucata
1205 2030 1327 2066 terrae
1363 2029 1406 2066 et
1438 2026 1636 2067 omnibus

124 2082 262 2123 eidem
293 2083 480 2124 ecclesiae
519 2084 847 2137 pertinentibus,
889 2088 932 2124 et
972 2083 1228 2123 nominatim
1270 2096 1470 2137 campum
1510 2097 1638 2137 quem

122 2140 292 2181 flattum
314 2141 352 2181 S.
371 2141 598 2182 Michaelis
613 2145 793 2183 vocant:
826 2145 869 2182 et
900 2140 1122 2182 ecclesiam
1154 2141 1205 2182 de
1237 2140 1421 2182 Kirkebi
1442 2141 1489 2181 in
1507 2142 1638 2183 Cran-

1656 1901 1840 1927 Foundation

1655 1935 1777 1960 Charter
1794 1936 1826 1961 of

1655 1969 1797 1994 Kirkham

1655 2003 1766 2035 Priory.

124 2254 263 2296 reality,
289 2254 351 2286 the
380 2255 535 2297 position
559 2255 726 2297 occupied
750 2255 797 2298 by
823 2267 843 2288 a

119 2298 246 2339 pedica
261 2298 298 2330 of
320 2298 381 2330 the
398 2299 614 2340 description
637 2299 841 2332 mentioned

123 2342 160 2373 in
176 2341 237 2373 the
253 2344 395 2383 present
410 2342 509 2374 deed.

166 2383 178 2404 ¹
202 2385 362 2416 Another
384 2385 536 2427 striking
559 2385 706 2425 feature,
725 2385 753 2417 if
775 2388 839 2418 not

121 2427 159 2459 of
188 2428 250 2459 the
280 2429 394 2466 times,
427 2431 489 2470 yet
519 2431 556 2461 at
590 2429 681 2460 least
711 2429 748 2460 of
776 2429 837 2460 the

123 2471 303 2503 condition
339 2472 411 2504 this
449 2472 533 2504 wild
571 2475 721 2513 country
752 2473 837 2504 then

123 2523 194 2546 was
210 2515 258 2553 in,
277 2517 314 2546 at
340 2515 401 2546 the
424 2515 507 2547 date
529 2515 565 2548 of
586 2516 659 2547 this
683 2516 835 2555 charter,

123 2568 163 2589 or
188 2557 306 2590 before
340 2559 432 2591 1180.
481 2559 565 2591 And
595 2559 745 2601 perhaps
776 2559 838 2591 the

124 2601 376 2633 circumstance
406 2602 519 2634 under
549 2606 723 2634 comment
750 2602 839 2634 loses

123 2655 212 2676 none
236 2645 274 2676 of
303 2645 350 2676 its
379 2645 526 2678 interest
548 2646 651 2677 when
675 2657 727 2677 we
758 2646 840 2677 bear

124 2687 160 2719 in
183 2688 281 2720 mind
298 2688 388 2728 that,
416 2689 554 2721 besides
577 2689 650 2721 this
674 2692 778 2731 grant
801 2692 838 2721 to

123 2730 308 2771 Rievaulx,
335 2735 457 2774 grants
484 2732 574 2774 fully
590 2743 627 2764 as
644 2733 836 2771 extensive,

123 2774 192 2806 and
222 2775 395 2817 probably
419 2786 513 2808 more
543 2776 719 2814 valuable,
748 2786 838 2807 were

124 2817 284 2892 madehto
307 2818 369 2851 the
386 2818 566 2862 Templars
597 2820 634 2852 in
656 2819 718 2851 the
744 2830 839 2851 same

123 2871 216 2902 parls
244 2886 251 2893 .

123 2950 140 2979 t
166 2904 258 2980 ‘250
270 2905 371 2938 other
383 2905 554 2938 witness’s
566 2916 667 2939 name
679 2905 708 2938 is
724 2905 840 2938 added

143 2958 162 2979 o
220 2958 259 2980 is.

962 2254 975 2275 ³
999 2255 1035 2287 It
1052 2266 1144 2297 may,
1164 2257 1203 2288 at
1225 2255 1303 2288 first
1326 2255 1432 2298 sight,
1459 2266 1552 2288 seem
1576 2258 1639 2289 out

918 2299 954 2331 of
970 2299 1045 2331 rule
1062 2301 1100 2331 to
1117 2299 1190 2331 find
1213 2310 1234 2331 a
1257 2299 1346 2331 deed
1369 2300 1554 2342 recording
1577 2300 1638 2332 the

917 2353 1140 2384 conveyance
1166 2343 1202 2375 of
1228 2342 1335 2385 large,
1364 2343 1435 2375 and
1465 2343 1636 2385 virtually

917 2386 1174 2425 foundational,
1193 2390 1316 2428 grants
1340 2388 1379 2418 to
1403 2387 1552 2418 another
1568 2387 1634 2419 Re—

914 2429 1040 2471 ligious
1064 2429 1184 2461 House
1200 2431 1237 2461 in
1261 2430 1322 2461 the
1345 2429 1584 2463 Cartularium
1601 2430 1636 2462 of

913 2483 983 2514 any
1012 2472 1138 2515 Abbey
1176 2473 1406 2506 whatsoever.
1475 2474 1547 2506 But
1583 2485 1635 2505 we

914 2515 1003 2547 have
1020 2516 1164 2558 already
1188 2516 1330 2548 become
1353 2528 1478 2556 aware,
1505 2528 1549 2549 on
1572 2517 1633 2549 the

914 2559 1053 2601 perusa]
1084 2560 1121 2591 of
1151 2559 1217 2592 No.
1252 2569 1387 2599 CXLIX„
1423 2561 1504 2592 that
1534 2560 1633 2592 there

916 2613 1007 2634 were
1024 2602 1183 2635 business
1210 2604 1446 2635 transactions
1473 2604 1633 2635 between

916 2646 976 2677 the
1006 2649 1077 2679 two
1115 2646 1241 2679 houses
1279 2647 1315 2678 of
1352 2647 1526 2678 Rievaulx
1563 2646 1633 2678 and

917 2689 1094 2721 Kirkham
1126 2690 1162 2722 of
1199 2701 1220 2721 a
1251 2690 1382 2732 special
1413 2701 1451 2722 as
1483 2689 1563 2721 well
1594 2700 1632 2721 as

916 2733 1137 2775 noteworthy
1168 2733 1390 2775 description.
1463 2733 1535 2764 The
1566 2732 1632 2764 full

917 2776 1174 2808 consideration
1198 2776 1234 2808 of
1257 2776 1329 2809 this
1352 2779 1492 2815 matter,
1519 2786 1556 2807 as
1584 2776 1631 2807 al-

917 2819 1025 2861 ready
1054 2820 1243 2851 intimated
1274 2820 1311 2851 in
1341 2830 1361 2851 a
1391 2822 1473 2851 note
1504 2822 1540 2850 to
1571 2819 1632 2850 the

917 2863 1055 2895 charter
1079 2865 1131 2902 (or
1147 2863 1267 2895 rather
1283 2862 1384 2901 deed)
1402 2863 1477 2903 just
1493 2862 1631 2894 advert-

917 2906 960 2938 ed
998 2909 1047 2945 to,
1081 2909 1176 2939 must
1206 2906 1248 2938 be
1286 2906 1448 2938 deferred
1480 2905 1533 2938 for
1570 2905 1632 2938 the

917 2952 1067 2991 present.
