2033 3242
519 300 831 331 CARTULARIUM
850 300 1156 332 RIEVALLENSE.
1510 293 1528 330 1
1537 293 1589 330 09

81 411 124 447 et
153 405 346 447 omnium
377 405 691 459 possessionum
722 410 972 455 nostrarum,
1002 404 1228 458 adquirent
1258 404 1391 446 nobis.
1453 404 1591 445 Privi-

79 463 237 517 legium
254 463 382 504 etiam
397 463 575 503 Domini
593 464 719 516 Papae
736 463 858 504 nobis
874 463 1176 516 impetrabunt,
1200 460 1316 517 [971³]
1333 462 1425 503 sine
1446 467 1591 503 nostro

79 521 223 562 labore
257 520 328 562 vel
363 534 559 574 expensa,
595 520 649 561 ad
690 528 878 561 tenorem
912 520 1031 561 illius
1071 519 1286 574 privilegii
1321 519 1434 574 quod
1470 519 1592 560 nobis

80 579 214 633 magis
244 577 454 632 placuerit
484 584 527 618 et
559 578 616 619 sit
647 578 898 619 canonicum
934 579 980 618 111
1007 578 1087 618 1130
1117 577 1298 618 dioecesi.
1360 577 1592 618 Sciendum

79 636 209 677 etiam
231 635 356 690 quod,
378 636 424 676 in
445 649 575 676 manu
596 642 750 684 nostra,
772 650 870 677 cum
891 635 1068 677 ecclesia
1089 635 1342 689 parrochiali
1358 635 1410 676 de
1422 635 1589 676 Wives-

80 699 166 743 tou,
187 694 203 734 i
223 698 486 735 carrucatam
508 698 630 734 terrae
651 694 895 742 retinemus,
916 707 1012 747 quae
1038 693 1092 734 ad
1112 695 1336 747 praefatam
1368 692 1592 734 ecclesiam

80 752 276 805 pertinet,
298 756 341 792 et
361 752 406 791 in
423 765 508 805 qua
528 752 621 805 ipsa
642 751 819 792 ecclesia
841 756 985 792 nostra
1005 756 1092 792 stat
1108 752 1154 792 111
1170 765 1342 792 111013111.
1388 750 1591 792 Decimas

79 809 209 850 etiam
231 822 328 850 suas
350 809 471 850 nobis
493 809 657 850 dabunt
679 810 876 850 monachi
906 809 1149 862 ubicunque
1170 814 1303 850 terras
1325 808 1591 849 excoluerint

78 866 125 907 in
155 867 249 921 ipsa
278 867 510 921 parrochia,
531 867 640 907 etin
671 867 954 915 Hwitewella,
976 871 1019 908 et
1054 868 1098 907 in
1131 867 1355 907 dominicis
1377 866 1591 907 Advocati

80 924 413 974 nostri—videl,
435 925 486 966 de
508 925 705 965 omnibus
739 925 865 965 rebus
899 924 1013 965 unde
1047 925 1211 965 decima
1242 925 1334 965 dari
1364 924 1483 972 solet,
1504 923 1590 965 nisi

79 982 324 1023 rationabili
352 982 688 1023 consideratione
711 988 754 1023 et
780 996 833 1022 ex
855 988 999 1023 nostro
1021 996 1230 1023 consensu
1252 996 1321 1023 eas
1344 981 1590 1035 adquietare

77 1040 322 1082 valuerint.1
383 1040 539 1081 Omnia
578 1040 754 1080 mobilia
794 1046 940 1080 nostra
985 1040 1218 1089 nobiscum,
1259 1039 1524 1081 discedentes
1565 1052 1590 1080 a

79 1097 330 1147 Kirkeham,
351 1099 603 1146 auferemus,
624 1097 717 1146 i.e.‚2
738 1111 882 1138 cruces
904 1104 946 1138 et
978 1098 1140 1146 calices,
1162 1098 1293 1138 libros
1324 1103 1367 1138 et
1388 1102 1526 1138 vestes
1548 1102 1592 1138 et

77 1156 221 1196 omnia
251 1169 344 1210 quae
376 1156 430 1196 ad
461 1162 658 1196 ornatum
695 1155 882 1196 ecclesiae
918 1156 1146 1209 pertinent,
1182 1169 1348 1196 necnon
1383 1159 1427 1195 et
1457 1155 1591 1196 fenes-

77 1220 164 1254 tras
195 1212 380 1255 vitreas3
402 1213 608 1254 coloratas
639 1214 761 1253 nobis
788 1213 1031 1261 retinemus,
1064 1227 1137 1266 pro
1169 1213 1326 1266 quibus
1356 1212 1444 1253 illis
1471 1212 1590 1253 albas

77 1272 293 1312 faciemus.
355 1271 709 1312 Tintinnabulum
741 1284 875 1310 unum
907 1271 966 1311 eis
988 1271 1237 1319 remanebit,
1258 1270 1385 1324 quale
1408 1270 1591 1311 volueri-

77 1342 184 1371 mus.
245 1329 358 1370 Vasa
381 1329 510 1370 etiam
532 1333 575 1370 et
595 1328 797 1369 utensilia
815 1332 858 1369 et
873 1328 1162 1369 instrumenta
1179 1328 1326 1369 domui
1342 1327 1592 1376 necessaria,

78 1401 343 1441 quaecunque
368 1387 545 1428 inventa
575 1387 747 1435 fuerint,
768 1386 857 1426 sive
878 1386 924 1426 in
956 1386 1207 1435 Kirkeham,
1228 1386 1319 1426 sive
1348 1385 1395 1425 in
1426 1385 1593 1426 Hwite-

78 1445 213 1493 wella,
253 1445 376 1485 nobis
416 1444 563 1485 licebit
602 1458 678 1498 pro
720 1450 864 1484 nostra
905 1443 1128 1484 voluntate
1169 1443 1412 1484 transferre.
1495 1443 1591 1484 Hoc

77 1516 247 1556 quoque
267 1502 489 1543 sciendum
506 1507 582 1550 est,
596 1502 710 1555 quod
726 1515 804 1542 nec
821 1515 845 1542 a
860 1501 952 1542 loco
970 1506 1113 1542 nostro
1130 1501 1346 1542 voluimus
1363 1500 1591 1550 discedere,

77 1574 156 1602 nec
170 1561 359 1601 Priorem
372 1565 565 1600 nostrum
579 1560 786 1608 amittere,
803 1559 936 1600 donec
953 1573 1012 1608 ea,
1029 1573 1125 1613 quae
1141 1560 1254 1600 inter
1267 1573 1343 1600 nos
1358 1559 1593 1600 constituta

77 1623 190 1668 sunt,
220 1618 273 1659 ad
304 1618 498 1658 debitum
529 1618 657 1658 finem
688 1617 896 1671 producta
927 1617 1118 1658 fuerint.4
1177 1618 1234 1657 Et
1264 1617 1300 1658 si
1331 1617 1450 1665 forte,
1481 1617 1593 1657 infra

76 1690 238 1717 annum
279 1676 372 1730 [98]
412 1676 555 1716 locum
595 1675 916 1724 mutaverimus,
956 1689 1024 1716 res
1065 1680 1108 1716 et
1148 1675 1340 1716 redditus
1391 1674 1593 1715 Ecclesiae

76 1738 242 1783 nostrae,
278 1734 390 1774 Sicut
425 1733 550 1774 modo
587 1739 699 1781 sunt,
736 1747 812 1786 per
844 1747 1005 1773 annum
1044 1733 1261 1787 integrum
1297 1733 1343 1773 in
1379 1746 1513 1772 manu
1549 1736 1592 1773 et

75 1796 286 1845 potestate
307 1795 450 1832 nostra
471 1796 612 1840 erunt,
625 1792 678 1831 ad
700 1791 845 1831 debita
861 1797 1007 1832 nostra
1023 1790 1322 1844 adquietanda.
1384 1790 1592 1831 Similiter

75 1851 205 1890 etiam
235 1863 301 1890 res
334 1854 375 1890 et
407 1849 598 1890 redditus
624 1849 834 1889 Lintoniae
865 1849 911 1888 in
942 1863 1072 1889 manu
1094 1848 1399 1889 monachorum
1420 1847 1473 1888 ad
1495 1861 1593 1888 con-

75 1907 278 1948 struenda
299 1907 476 1948 aedificia
508 1913 662 1947 nostra.
726 1907 831 1947 Haec
865 1907 1019 1955 omnia,
1041 1912 1169 1960 prout
1202 1907 1314 1947 inter
1335 1919 1412 1947 nos
1435 1905 1591 1946 consti-

75 1970 220 2006 tutum
251 1970 327 2014 est,
358 1965 442 2018 ipsi
478 1965 531 2005 ad
566 1965 696 2005 finem
734 1964 928 2005 debitum
964 1964 1196 2018 producere
1233 1967 1440 2017 satagent,
1462 1963 1592 2004 salvis

75 2037 220 2064 eorum
242 2023 598 2064 conventionibus
621 2036 725 2076 quas
748 2023 793 2062 in
815 2022 940 2063 terris
972 2023 1129 2062 nostris
1162 2021 1420 2075 supradictis
1442 2021 1593 2062 inven—

75 2082 194 2122 erint.
257 2081 487 2122 Sciendum
519 2094 688 2134 quoque
725 2080 837 2134 quod
871 2093 1018 2120 omnes
1056 2080 1252 2120 canonici
1283 2084 1326 2120 et
1356 2079 1509 2120 fratres
1541 2079 1592 2119 de

75 2138 326 2187 Kirkeham,
343 2139 418 2192 qui
431 2139 477 2178 in
492 2139 694 2192 praesenti
711 2139 876 2186 vivunt,
890 2141 1061 2178 tantum
1083 2137 1307 2178 habebunt
1328 2137 1374 2177 in
1393 2136 1592 2190 Capitulo

74 2202 118 2237 et
139 2196 299 2238 Ordine
322 2196 594 2237 Cisterciensi
615 2201 826 2250 quantum
849 2196 1041 2249 ejusdem
1064 2195 1238 2236 Ordinis
1262 2195 1507 2236 monachus.

103 2352 181 2394 CL.
215 2352 409 2394 CARTA
441 2352 739 2393 STEPHANI
771 2351 1203 2393 MANGEVILAIN
1235 2352 1315 2392 DE
1345 2351 1562 2393 WASTO.

133 2454 232 2485 CVII.
265 2478 272 2485 .
306 2477 313 2484 .
348 2478 355 2485 .
388 2443 631 2497 Stephanus
653 2443 947 2498 Mangevilain
971 2477 978 2484 .
1002 2476 1009 2483 .
1034 2476 1040 2483 .
1065 2443 1218 2484 Sciatis
1240 2457 1308 2484 me
1329 2443 1496 2484 dedisse
1517 2475 1525 2484 .
1548 2476 1556 2484 .
1580 2476 1587 2484 .
1609 2455 1814 2488 Quitclaimto

1608 2490 1750 2516 Rievaulx
1761 2490 1799 2522 by

73 2501 274 2543 Ecclesiae
289 2502 327 2543 S.
337 2502 488 2542 Mariae
502 2501 705 2542 Rievallis
720 2535 727 2542 .
745 2535 751 2542 .
767 2535 772 2541 .
790 2514 993 2542 concessu
1008 2507 1050 2541 et
1065 2501 1174 2541 bona
1188 2500 1410 2542 voluntate
1425 2500 1589 2556 Rogeri,
1607 2524 1735 2556 Stephffl

74 2560 154 2600 filii
189 2561 284 2609 mei,
327 2563 369 2600 et
409 2559 591 2600 aliorum
627 2559 811 2599 filiorum
853 2572 1059 2608 meorum,
1095 2559 1140 2599 in
1178 2593 1185 2600 .
1219 2591 1226 2599 .
1259 2591 1267 2600 .
1301 2559 1589 2607 elemosinam,
1609 2557 1804 2583 Mst¹¹¹¹iV⁶¹²²i¹¹

1607 2592 1639 2616 οἱ
1652 2598 1710 2622 any
1723 2591 1817 2623 rights

1607 2625 1643 2650 he
1657 2625 1712 2650 had
1722 2625 1750 2649 in
1764 2624 1815 2650 the

118 2658 129 2678 ¹
151 2658 189 2691 It
215 2659 244 2691 is
267 2669 305 2691 so
329 2659 493 2695 writtem
518 2658 583 2690 but
606 2659 634 2691 it
651 2659 680 2690 is
697 2670 790 2691 more
911 2658 924 2678 ³
947 2658 1020 2690 The
1037 2658 1110 2690 fact
1133 2658 1169 2690 of
1184 2658 1365 2700 “painted
1388 2658 1556 2690 windows
1571 2658 1589 2671 ’²
1608 2660 1696 2684 waste
1707 2658 1799 2683 below

72 2702 160 2734 than
176 2702 417 2744 questionable
433 2703 460 2734 if
477 2703 506 2733 it
523 2702 649 2734 should
671 2705 733 2734 not
749 2702 791 2733 be
866 2705 904 2734 at
921 2702 993 2733 this
1010 2702 1107 2743 early
1125 2701 1420 2743 period—during
1444 2702 1504 2734 the
1528 2701 1589 2733 life

73 2746 215 2777 written
232 2746 405 2778 voluerint.
868 2745 904 2776 of
932 2745 1070 2776 lValter
1104 2745 1288 2787 Espec—-is
1312 2756 1332 2776 a
1360 2745 1462 2787 thing
1486 2748 1523 2777 to
1546 2744 1589 2776 be

115 2787 128 2807 ²
152 2789 262 2820 What
290 2788 307 2820 I
335 2789 423 2820 have
448 2788 631 2831 expanded
659 2788 706 2830 by
735 2790 786 2821 i.e.
867 2788 1019 2820 noticed.

73 2832 195 2864 stands
211 2831 247 2863 in
264 2832 324 2864 the
343 2841 418 2864 MSS.
441 2833 489 2870 .i.‚
511 2842 549 2864 01·
572 2832 633 2864 the
656 2832 763 2864 letter
780 2833 791 2862 ἰ

71 2874 195 2907 dotted
211 2885 255 2907 on
272 2876 385 2907 either
400 2875 484 2907 side.
535 2875 645 2907 There
667 2886 731 2907 0311
750 2875 790 2906 be
912 2874 925 2893 ⁴²
950 2876 980 2906 A
998 2878 1088 2906 most
1104 2875 1298 2917 important
1314 2875 1437 2916 saving
1459 2874 1584 2912 clause,

70 2918 165 2950 little
196 2918 307 2951 doubt
337 2919 418 2951 that
448 2918 478 2951 it
508 2919 537 2950 is
569 2918 702 2960 rightly
733 2929 788 2950 ex·
870 2918 995 2955 which,
1026 2918 1061 2950 of
1092 2918 1138 2949 all
1169 2919 1298 2956 others,
1330 2921 1424 2950 must
1454 2920 1516 2950 not
1548 2917 1589 2949 bc

72 2961 222 3004 panded.
869 2961 1041 2993 excluded
1058 2961 1145 2994 from
1163 2961 1293 2993 eareful
1311 2961 1496 2993 attention.

1608 2692 1768 2724 Pickering.
