2033 3242
391 285 440 321 41
451 284 472 321 2
822 291 1133 323 CARTULARIUM
1154 291 1459 322 RIEVALLENSE.

390 396 444 434 Et-
479 395 697 444 Johannes,
739 395 844 434 filius
887 395 1076 441 Gilberti,
1114 399 1155 433 et
1193 395 1409 443 Gilbertus,
1449 395 1555 434 filius
1601 395 1785 443 Gilberti,
1826 406 1896 445 per

390 450 596 489 custodem
629 463 756 498 suum,
791 449 915 488 nichil
947 449 1064 487 scivit
1094 449 1223 488 dicere
1257 463 1377 500 quare
1408 449 1598 500 praedicta
1628 449 1818 488 Johanna
1846 447 1896 486 (16

390 504 628 542 tenementis
654 517 793 543 versus
822 517 888 542 eos
917 503 1054 554 petitis
1082 503 1229 542 habere
1257 516 1340 541 non
1368 503 1512 542 debeat
1540 508 1612 542 etc.
1682 503 1779 542 Ideo
1808 515 1897 541 con-

390 557 610 596 sideratum
638 562 698 596 est
717 557 825 607 quod
854 557 1044 607 praedicta
1071 557 1099 596 J
1102 557 1261 596 ohanna
1279 562 1488 608 recuperet
1505 557 1600 596 inde
1619 557 1755 596 dotem
1784 569 1896 594 suam

391 617 477 659 etc„
501 617 542 650 et
559 611 767 650 »Iohannes
786 616 827 650 et
847 611 1052 649 Gilbertus
1080 611 1122 650 in
1142 615 1231 649 mia.
1291 611 1378 649 MIa
1406 611 1651 661 pardonatur
1670 611 1764 662 quia
1790 609 1897 648 infra

390 670 551 704 aetatem
587 670 660 704 etc.
733 665 786 703 Et
822 665 997 703 Thomas
1035 664 1084 704 de
1123 665 1249 704 Claris
1287 664 1481 713 Vallibus‚
1521 664 1571 703 de
1617 665 1738 703 tertia
1782 668 1894 716 parte

392 719 571 758 redditus
599 732 737 758 versus
766 732 857 757 eum
885 719 1021 770 petita,
1045 718 1143 757 dicit
1163 718 1270 769 quod
1299 719 1385 770 ipsa
1413 732 1493 757 non
1521 723 1634 757 tenet
1659 719 1895 769 praedictum

390 772 604 821 redditum,
636 786 708 812 nec
736 773 870 811 tenuit
898 773 962 811 die
982 786 1062 824 quo
1090 773 1200 811 istud
1229 773 1350 811 breve
1377 773 1457 810 fuit
1485 771 1896 822 impetratum—scil,

391 827 576 865 vicesimo
602 832 743 865 octavo
772 827 836 865 die
866 826 1060 875 Octobris,
1083 827 1136 865 Αο
1157 827 1278 878 Regis
1306 840 1412 865 nunc
1432 827 1618 865 vicesimo
1647 826 1785 877 primo.
1843 825 1898 864 Et

391 880 440 919 de
460 880 534 918 hoc
554 881 669 931 ponit
694 894 734 919 se
764 894 882 932 super
912 881 1093 931 patriam.
1151 881 1204 919 Et
1223 880 1250 919 J
1254 880 1412 919 ohanna
1430 880 1529 919 dicit
1548 880 1655 930 quod
1684 879 1897 931 praedictus

391 934 563 973 Thomas
597 935 729 973 tenuit
762 935 811 973 de
845 934 1036 985 praedicto
1071 934 1264 982 Gilberto,
1296 934 1499 995 quondam
1533 935 1619 972 viro
1653 947 1737 981 suo,
1772 946 1896 972 unum

391 988 666 1027 molendinum
703 989 942 1039 aquaticum,
982 1002 1054 1040 per
1083 988 1318 1040 praedictum
1356 988 1563 1027 servitium
1593 992 1679 1036 etc„
1717 992 1758 1027 et
1790 987 1897 1048 quod

390 1041 497 1081 idem
527 1042 832 1090 Gilbert11s‚die
853 1055 932 1093 quo
960 1042 1088 1093 ipsam
1108 1042 1378 1094 desponsavit,
1401 1048 1441 1081 et
1469 1047 1570 1092 post,
1592 1041 1700 1080 fuit
1689 1055 1732 1080 1n
1753 1041 1898 1080 seisina

391 1096 440 1134 de
470 1096 660 1147 praedicto
686 1073 851 1135 redditu
876 1110 948 1148 pro
977 1097 1167 1148 praedicto
1193 1096 1423 1135 molendino
1453 1109 1523 1147 pei
1548 1109 1689 1134 manus
1719 1095 1898 1146 ejusdem

391 1150 565 1198 Thomae,
597 1156 638 1190 et
658 1150 766 1201 quod
794 1149 1070 1189 molendinum
1095 1150 1203 1190 idem
1229 1151 1403 1189 Thomas
1429 1155 1524 1189 tunc
1553 1150 1685 1188 tenuit
1705 1155 1747 1188 et
1770 1149 1898 1187 adhuc

392 1209 504 1243 tenet
523 1209 597 1243 etc.
669 1205 723 1243 Et
742 1204 791 1243 de
820 1205 894 1243 hoc
924 1205 1039 1255 ponit
1067 1217 1108 1243 se
1137 1218 1257 1256 super
1285 1204 1468 1255 patriam.
1526 1203 1580 1242 Et
1608 1203 1782 1242 Thomas
1802 1203 1900 1242 dicit

392 1258 509 1308 quod,
532 1258 723 1309 praedicto
739 1258 803 1297 die
820 1259 953 1297 brevis
969 1259 1184 1310 impetrati,
1203 1272 1282 1297 non
1296 1259 1428 1296 tenuit
1444 1258 1678 1309 praedictum
1696 1257 1901 1296 redditum

391 1325 462 1351 nec
483 1312 718 1363 praedictum
736 1312 1011 1351 molendinum
1032 1317 1102 1352 etc.
1163 1313 1216 1351 Et
1231 1312 1280 1351 (16
1299 1312 1374 1351 1106
1393 1312 1508 1363 ponit
1523 1325 1563 1351 se
1583 1325 1703 1363 super
1717 1311 1899 1362 patriam.

392 1366 445 1404 Et
472 1365 562 1405 ideo
591 1367 661 1405 fiat
689 1366 783 1405 inde
811 1367 946 1417 jurata
974 1372 1047 1406 etc.
1105 1367 1158 1404 Et
1177 1367 1358 1418 Rogerus
1389 1366 1440 1405 (16
1468 1366 1681 1416 Moubray,
1703 1365 1754 1404 de
1782 1364 1902 1404 tertia

393 1424 504 1470 parte
533 1433 671 1459 versus
705 1434 796 1458 eum
830 1421 967 1471 petita,
995 1434 1064 1471 per
1095 1420 1298 1459 licentiam
1330 1420 1465 1459 reddit
1492 1420 1586 1459 inde
1612 1419 1748 1459 dotem
1777 1432 1899 1457 suam.

392 1473 488 1513 Ideo
507 1473 654 1513 habeat
680 1474 774 1512 inde
803 1474 987 1513 seisinam
1008 1488 1120 1512 suam
1149 1480 1222 1513 etc.
1281 1474 1422 1522 Quoad
1441 1474 1468 1512 J
1471 1474 1669 1513 ohannem
1688 1473 1738 1512 de
1758 1473 1904 1523 Lythe-

391 1541 561 1578 greynes
590 1533 632 1567 et
660 1528 840 1576 Aliciam,
873 1541 1039 1567 uxorem
1067 1542 1190 1575 suam,
1222 1529 1343 1567 habet
1363 1529 1469 1567 diem
1490 1542 1513 1567 a
1532 1528 1595 1567 die
1615 1527 1653 1567 S.
1678 1527 1839 1566 Hillarii
1860 1527 1901 1565 in

391 1581 619 1632 quindecim
638 1582 722 1620 dies
743 1595 814 1633 per
833 1587 1075 1633 praeceptum
1095 1582 1258 1621 Domini
1278 1583 1409 1631 Regis.

446 1688 508 1725 93.
541 1685 693 1739 [Assise
714 1686 838 1724 Rolls.
886 1686 1001 1724 Ebor.
1055 1688 1105 1724 24
1132 1686 1242 1724 Edw.
1266 1696 1291 1725 Ι.
1317 1685 1469 1739 [129-6ἑ],
1493 1686 1541 1724 N.
1579 1688 1610 1733 l,
1645 1687 1745 1732 19-1,
1776 1685 1804 1723 f.
1826 1683 1901 1737 8¹³.]

391 1740 530 1778 Assisa
567 1741 679 1779 venit
716 1741 970 1791 recognitura
1007 1740 1038 1778 si
1072 1740 1208 1778 Abbas
1247 1740 1296 1778 de
1330 1740 1498 1789 Ryvalle
1531 1740 1681 1790 injuste
1720 1744 1792 1778 etc.
1828 1738 1903 1776 dis—

392 1794 545 1833 seisivit
578 1794 826 1833 Willelmum
865 1794 991 1832 filium
1029 1793 1221 1832 Willelmi
1258 1793 1460 1832 Abraham
1503 1793 1552 1832 de
1591 1792 1820 1831 Naueltona
1852 1792 1902 1830 de

390 1847 515 1886 libero
543 1852 774 1887 tenemento
808 1861 880 1886 suo
912 1848 954 1886 in
988 1847 1217 1886 Naueltona
1244 1853 1336 1898 post
1368 1848 1536 1898 primam
1567 1852 1638 1885 etc.
1709 1846 1762 1885 Et
1794 1845 1901 1884 unde

391 1902 573 1952 queritur
593 1902 700 1953 quod
720 1902 960 1941 disseiseivit
979 1915 1070 1940 eum
1086 1901 1136 1940 de
1155 1902 1311 1940 duabus
1332 1900 1545 1954 [partibus]
1562 1900 1733 1939 duorum
1752 1913 1902 1938 mesua-

391 1956 548 2007 giorum
567 1962 609 1994 et
628 1956 805 2007 quinque
825 1956 1062 1995 bovatarum
1081 1960 1197 1994 terrae
1227 1987 1234 1995 .
1267 1989 1276 1998 .
1311 1985 1319 1994 .
1349 1956 1403 1993 Et
1423 1955 1559 1993 Abbas
1579 1968 1660 1992 non
1679 1954 1801 1993 venit.
1850 1953 1904 1991 Et

393 2010 556 2060 quidam
581 2010 783 2049 Walterus
810 2010 860 2048 de
893 2009 1129 2060 Brandesby
1157 2009 1271 2048 venit
1295 2014 1336 2048 et
1369 2009 1583 2059 respondet
1612 2021 1683 2059 pro
1711 2007 1903 2058 praedicto

392 2064 550 2102 Abbate
567 2069 758 2114 tanquam
773 2064 859 2114 ejus
879 2064 1059 2109 ballivus,
1078 2069 1139 2102 set
1157 2063 1280 2102 nichil
1295 2063 1392 2102 dicit
1407 2076 1528 2113 quare
1548 2063 1670 2100 assisa
1688 2066 1900 2100 remaneat,

393 2117 490 2156 Ideo
511 2118 690 2168 capiatur
708 2118 853 2156 assisa:
884 2124 944 2156 set
964 2118 1127 2168 ponitur
1146 2118 1187 2155 in
1217 2123 1439 2168 respectum
1461 2130 1584 2167 usque
1604 2116 1654 2154 ad
1678 2116 1904 2167 proximum

393 2171 612 2210 adventum
640 2177 713 2210 etc.
744 2185 817 2222 pro
851 2171 1011 2210 defectu
1045 2171 1326 2219 recognitionis
1356 2177 1441 2218 etc,
1475 2177 1516 2209 et
1544 2170 1664 2208 etiam
1691 2169 1904 2208 summoni-

393 2225 525 2273 tionis‚
544 2239 665 2276 quare
681 2226 813 2264 nullus
834 2225 955 2265 venit.
1016 2225 1112 2264 Ideo
1134 2225 1360 2264 Vicecomes
1382 2231 1454 2263 etc.
1513 2224 1566 2262 Et
1579 2223 1782 2262 sciendum
1798 2222 1906 2274 quod

393 2279 514 2317 breve
534 2279 724 2330 originale
745 2284 925 2318 remanet
953 2293 1074 2330 penes
1094 2279 1379 2318 Vicecomitem
1399 2284 1440 2317 et
1468 2278 1588 2316 breve
1618 2283 1758 2328 patens
1784 2290 1906 2328 penes

396 2338 549 2383 partem
588 2339 660 2372 etc.
732 2333 786 2371 Et
823 2347 1050 2372 concessum
1089 2338 1149 2371 cst
1187 2346 1257 2383 per
1294 2332 1546 2371 Justiciarios
1576 2331 1683 2382 quod
1723 2331 1904 2382 Rogerus

395 2386 599 2425 Abraham
620 2392 810 2437 sequatur
830 2400 901 2438 pro
922 2387 1113 2438 praedicto
1134 2387 1337 2425 Willelmo
1359 2392 1430 2425 etc.

1731 2454 1908 2560 Nlo]

1717 2507 1908 2612 holm]

398 2617 440 2670 [f.
459 2617 522 2670 51³]
551 2618 689 2656 Assisa
709 2631 732 2655 x
737 2618 820 2656 enit
848 2619 1101 2669 iecoonitnra
1121 2618 1153 2656 si
1174 2618 1310 2656 Abbas
1331 2617 1380 2655 de
1402 2617 1492 2666 Ryv
1495 2616 1581 2664 alle,
1599 2616 1721 2655 f1ater
1735 2616 1907 2654 Thomas

397 2672 514 2710 Brou
518 2685 597 2718 ne,
591 2672 749 2709 'frate1
778 2671 951 2710 Thomas
982 2672 1031 2711 de
1060 2672 1112 2709 W
1116 2686 1226 2722 61111)
1231 2686 1269 2709 11
1260 2677 1394 2723 g,tona
1424 2670 1697 2709 commonachi
1727 2669 1906 2721 ejusdem

480 2510 699 2563 4.[Assise
733 2511 853 2549 Rolls.
914 2510 1030 2549 Ebor
1093 2514 1141 2548 33
1173 2511 1253 2548 and
1285 2513 1333 2549 34
1365 2510 1536 2548 Edw.1.
1572 2508 1744 2562 [1306],1

442 2774 452 2793 ¹
476 2774 613 2806 There
604 2785 633 2806 18
649 2774 796 2806 another
813 2785 901 2816 copy
919 2775 955 2805 of
972 2775 1043 2806 this
1060 2786 1109 2806 16-
1190 2776 1225 2806 It
1241 2786 1263 2805 v
1265 2775 1355 2806 aries
1372 2774 1407 2805 in
1424 2785 1444 2805 a
1461 2773 1527 2805 few
1543 2773 1754 2815 particulars
1770 2772 1806 2804 of
1820 2782 1906 2813 very

398 2817 482 2849 cord
508 2818 654 2849 marked
681 2828 718 2849 as
742 2828 867 2858 among
893 2818 952 2849 the
977 2818 1113 2849 Placita
1192 2818 1305 2849 minor
1339 2818 1557 2858 iniportance
1589 2817 1678 2847 from
1709 2816 1802 2847 this:
1840 2815 1907 2846 but

399 2861 441 2892 de
465 2860 541 2899 Quo
565 2861 756 2892 warranto
780 2861 816 2892 of
840 2861 900 2892 the
923 2872 1008 2902 year
1033 2862 1114 2892 here
1192 2861 1291 2892 there
1323 2871 1387 2891 can
1418 2860 1459 2891 be
1490 2871 1534 2890 no
1566 2859 1677 2891 doubt
1706 2859 1787 2890 that
1817 2858 1846 2890 it
1877 2858 1907 2889 is

399 2904 571 2945 assigned,
608 2904 781 2945 although
820 2903 837 2935 I
876 2915 931 2935 see
970 2904 987 2935 I
1027 2904 1114 2935 have
1192 2904 1395 2944 essentially
1413 2903 1473 2934 the
1490 2913 1583 2934 same
1600 2902 1796 2933 document.

398 2947 542 2987 queried
566 2947 627 2978 the
646 2950 859 2978 correctness
879 2947 914 2977 of
938 2947 998 2978 the
1020 2947 1110 2978 title.
1236 2947 1248 2965 '-'
1276 2946 1403 2977 Braim
1420 2947 1454 2977 in
1471 2946 1532 2977 the
1549 2945 1649 2976 other
1665 2955 1763 2986 copy.
