2033 3242
566 238 881 269 CARTULARIUM
903 237 1205 268 RIEVALLENSE.
1563 230 1611 266 19
1619 231 1640 266 3

134 346 319 399 amplius
340 343 521 398 exigatis
547 357 676 397 quam
707 343 797 397 ipse
828 342 1031 397 praefatus
1061 341 1240 382 Abbas1
1272 341 1392 382 vobis
1424 342 1643 382 consuevit

133 401 404 457 persolvere2
436 415 512 456 pro
544 434 552 442 .
585 434 592 442 .
625 434 633 442 .
667 400 695 442 .3
755 401 879 450 Quod
909 400 947 441 si
991 399 1044 440 ad
1075 399 1228 440 illicita
1258 413 1411 440 manus
1444 399 1643 440 extende-

133 460 239 510 ritis,
275 460 397 501 vobis
431 472 526 513 quae
556 459 682 499 modo
715 472 791 512 per
821 457 1174 511 compositionem
1207 460 1309 498 sunt
1342 457 1461 498 licita
1497 456 1643 510 procul

135 518 264 559 dubio
285 518 544 559 auferentur.
606 517 770 557 Datum
791 515 1022 557 Tusculani
1042 515 1120 556 viii
1140 515 1223 555 kal.
1246 515 1407 556 Martii.

192 632 380 674 COLIX.
414 643 590 673 CCXXIII.
622 631 899 672 Alexander.
932 663 939 671 .
973 664 980 672 .
1013 630 1270 671 Eboracensi
1300 629 1646 683 Archiepiscopo,
1665 640 1736 700 {1³5¹}
1737 641 1868 699 ἒὲξξμε

134 690 393 745 Apostolicae
439 690 559 731 Sedis
601 690 768 743 Legato,
805 694 848 730 et
893 688 1093 730 Dunelm.
1137 689 1437 742 Episcopo,'et
1478 687 1645 728 dilectis
1664 708 1839 740 111‚agamst

134 749 246 798 filiis,
301 748 626 789 Archidiaconis
687 752 729 788 et
788 746 975 788 Decanis
1019 746 1066 786 in
1120 759 1266 787 eorum
1316 745 1643 799 Episcopatibus
1662 741 1735 767 such
1747 742 1839 773 ”lay

134 806 389 848 constitutis.
422 839 430 846 .
464 839 472 846 .
505 838 513 846 .
546 807 644 846 Non
679 810 744 846 est
775 804 955 845 dubium
989 804 1122 853 vobis,
1158 804 1268 845 sicut
1304 803 1526 852 credimus,
1576 803 1644 844 vel
1662 775 1805 834 hwa‘iffitsmon

133 865 357 913 incertum,
397 863 608 918 quomodo
659 863 732 911 hii,
784 863 858 916 qui
897 861 1108 902 violentas
1158 875 1311 902 manus
1362 861 1408 901 in
1458 843 1811 910 elericos‚}2¹}‚{'1¹}{{s?f

134 922 374 970 monachos,
396 926 471 962 aut
492 921 673 975 alicujus
705 919 939 973 Religionis
971 933 1195 961 conversos
1226 919 1441 973 injiciunt,
1471 933 1524 960 ex
1545 932 1643 960 con-

134 979 359 1021 stitutione
402 979 619 1020 Generalis
662 978 844 1019 Concilii
894 977 1151 1018 sententiam
1192 976 1643 1018 excommunicationis

134 1037 371 1086 incurrunt,
392 1051 481 1086 nec,
503 1037 588 1077 nisi
618 1036 665 1076 in
696 1035 875 1076 articulo
906 1035 1068 1084 mortis,
1103 1035 1195 1076 sine
1225 1036 1427 1075 mandato
1459 1035 1643 1075 Romani

135 1095 354 1136 Pontificis
395 1094 676 1135 absolutionis
712 1096 892 1147 possunt
930 1091 1072 1146 [1641)]
1108 1093 1363 1134 beneficium
1403 1093 1640 1145 impetrare.

135 1153 242 1194 Inde
278 1158 342 1194 est
375 1153 489 1206 quod
521 1152 617 1206 paci
650 1157 692 1192 et
723 1151 859 1205 quieti
890 1150 1202 1204 Religiosorum
1233 1150 1435 1199 virorum,
1461 1151 1643 1190 fratrum

134 1211 388 1252 Monasterii
409 1209 704 1258 Rievallensis,
725 1208 906 1250 sollicite
920 1207 1154 1261 providere,
1176 1211 1219 1249 et
1240 1221 1264 1248 a
1285 1208 1374 1249 suis
1391 1208 1643 1261 gravamini-

134 1269 214 1309 bus
245 1274 288 1309 et
322 1268 490 1322 injuriis
528 1268 811 1320 malignorum
838 1266 1061 1306 audaciam
1077 1266 1302 1306 refraenare
1332 1266 1537 1314 volentes,
1559 1266 1643 1306 dis-

135 1326 312 1367 cretioni
333 1330 483 1367 vestrae
505 1340 580 1379 per
608 1323 857 1378 Apostolica
887 1323 1045 1377 scripta
1074 1323 1360 1377 praecipiendo
1390 1323 1643 1364 mandamus

135 1384 338 1438 quatinus
359 1383 659 1437 parrochianos
689 1386 864 1430 vestros,
885 1381 960 1434 qui
990 1381 1036 1421 in
1066 1381 1297 1422 monachos
1318 1381 1389 1422 vel
1419 1395 1643 1422 conversos

134 1442 270 1495 ipsius
312 1441 565 1482 Monasterii
614 1440 824 1480 violentas
864 1452 1017 1479 manus
1068 1439 1306 1492 injecerint,
1348 1439 1553 1479 dilatione
1604 1445 1645 1480 et

134 1499 420 1553 appellatione
451 1501 653 1546 cessante,
684 1497 854 1551 publice
885 1497 1276 1537 excommunicatos
1307 1496 1582 1546 denuntietis,
1603 1502 1646 1538 et

135 1557 302 1598 tamdiu
349 1556 516 1598 faciatis
563 1556 674 1597 sicut
720 1554 1112 1596 excommunicatos
1158 1555 1288 1595 vitari
1338 1554 1473 1596 donec
1508 1555 1645 1609 passis

132 1615 333 1669 injuriam
363 1627 546 1668 congrue
577 1613 841 1654 satisfaciant
871 1617 925 1661 et,
956 1626 1054 1654 cum
1074 1612 1228 1654 litteris
1260 1613 1363 1666 ejus,
1394 1613 1514 1666 cujus
1547 1618 1646 1653 sunt

134 1672 414 1726 parrochiani,
445 1671 696 1726 Apostolico
739 1685 783 1712 se
819 1670 1067 1725 conspectui
1105 1674 1420 1725 repraesentent.
1482 1671 1645 1711 Datum

134 1730 378 1780 Tusculani,
398 1731 445 1771 ix
464 1730 548 1771 kal.
570 1729 744 1784 Aprilis.

192 1846 353 1888 COLX.
387 1856 580 1887 CCXXIIII.
597 1844 841 1886 Alexander
861 1877 868 1885 .
892 1877 900 1886 .
922 1877 930 1885 .
953 1844 1077 1885 Ebor.
1099 1844 1442 1898 Archiepiscopo,
1463 1844 1646 1897 Aposto-
1665 1863 1804 1888 mandate

132 1904 226 1946 licae
247 1904 367 1945 Sedis
383 1904 551 1958 Legato,
568 1909 611 1944 et
627 1903 826 1943 Dunelm.
844 1903 1065 1956 Episcopo.
1084 1936 1091 1944 .
1114 1936 1121 1943 .
1145 1936 1152 1943 .
1176 1903 1376 1943 Relatum
1394 1906 1457 1943 est
1473 1902 1646 1943 auribus
1664 1897 1741 1962 {3332
1751 1897 1850 1956 {Reme

133 1962 288 2003 nostris
319 1962 433 2016 quod
462 1962 565 2002 licet
594 1961 741 2002 dilecti
771 1960 850 2000 filii
880 1961 1025 2010 nostri,
1046 1960 1193 2001 Abbas
1225 1964 1268 2001 et
1298 1960 1447 2000 fratres
1479 1960 1647 2000 Rieval-
1664 1964 1856 2023 ffirglssiffiffliji

133 2020 284 2069 lenses,
335 2034 432 2061 cum
479 2019 736 2074 quibusdam
772 2018 974 2059 Ecclesiis
1020 2024 1259 2059 vestrorum
1308 2018 1644 2071 Episcopatuum
1664 2032 1836 2063 theBishop

133 2091 261 2132 super
310 2077 486 2119 decimis
526 2091 601 2131 pro
650 2077 760 2117 bono
801 2076 918 2130 pacis
959 2080 1298 2129 composuerunt,
1340 2075 1644 2116 nichilominus
1662 2066 1694 2124 {s}
1706 2065 1837 2124 ffgssffffss

133 2141 279 2177 tamen
299 2149 427 2189 super
447 2135 514 2175 his
536 2148 580 2175 80
610 2134 842 2188 inquietari
872 2138 1117 2187 proponunt
1138 2138 1181 2174 et
1211 2134 1396 2187 graviter
1417 2133 1642 2174 molestari.
1663 2133 1839 2191 {53}ssssssOE

136 2194 348 2235 Caeterum
377 2193 510 2247 [cum]
542 2192 642 2232 inde
673 2192 833 2232 eisdem
863 2192 1066 2232 fratribus
1087 2192 1140 2232 ab
1161 2191 1408 2245 Apostolica
1440 2191 1496 2232 sit
1538 2191 1644 2232 Sede
1662 2200 1804 2225 hamul-ess
1820 2200 1848 2224 111

134 2251 364 2300 indultum,
386 2256 436 2291 ut
465 2249 576 2290 nulli
606 2249 791 2290 decimas
822 2253 1049 2290 teneantur
1078 2250 1316 2303 persolvere
1347 2249 1399 2290 de
1427 2249 1644 2290 laboribus
1662 2233 1860 2299 Ξῖῗῖἶῗῖεῗιξρτ,

135 2323 240 2363 (11108
261 2308 444 2363 propriis
465 2307 663 2348 manibus
685 2312 760 2347 aut
790 2307 1033 2361 sumptibus
1065 2307 1277 2356 excolunt,
1299 2307 1350 2348 de
1370 2321 1535 2362 magna,
1558 2321 1644 2348 non
1663 2301 1845 2360 fssgssflffihffl

136 2371 201 2408 est
221 2367 412 2415 dubium,
436 2364 534 2421 [eis]
555 2365 801 2405 humilitate
831 2365 1057 2418 procedere
1079 2365 1116 2406 si
1145 2379 1274 2420 quam
1305 2365 1645 2406 condescendant
1662 2367 1855 2427 {ffffbigefffflss

136 2425 190 2466 ad
238 2424 587 2478 compositionem
635 2422 788 2464 exinde
829 2423 1079 2463 faciendam.
1162 2423 1349 2477 Ideoque
1386 2424 1646 2464 fraternitati
1664 2434 1851 2462 covenantoai.

137 2487 289 2524 vestrae
309 2496 384 2536 per
403 2481 651 2536 Apostolica
673 2480 832 2535 scripta
852 2480 1136 2535 praecipiendo
1158 2481 1412 2522 mandamus
1444 2481 1646 2535 quatinus

180 2597 191 2617 ¹
216 2598 301 2630 This
325 2598 354 2629 is
378 2597 522 2629 written
540 2596 684 2638 proefati
708 2595 850 2633 abbatis,
929 2601 1029 2628 notes
1044 2597 1159 2628 which
1175 2597 1302 2629 follow.

138 2641 253 2674 which
263 2641 293 2673 is
308 2641 491 2682 obviously
501 2651 631 2682 wrong.
681 2639 853 2671 thether

139 2685 199 2717 the
217 2684 440 2716 emendation
463 2685 492 2716 is
508 2684 604 2726 right
628 2684 657 2715 is
680 2694 701 2714 a
723 2686 853 2714 matter

138 2728 175 2760 of
204 2727 325 2760 doubt.
375 2727 448 2759 The
478 2727 590 2758 whole
620 2737 765 2768 passage
796 2736 853 2767 ap·
974 2723 988 2744 ³
1011 2724 1095 2756 This
1125 2725 1155 2756 is
1186 2729 1248 2756 not
1286 2724 1540 2766 decipherable.
1612 2723 1647 2755 It

138 2782 240 2813 pears
263 2774 300 2803 to
322 2770 365 2802 be
388 2774 542 2812 corrupt,
568 2770 638 2802 and
661 2769 772 2801 under
796 2769 855 2800 the
932 2768 1030 2799 looks
1047 2779 1140 2800 more
1156 2768 1227 2799 like
1243 2768 1302 2801 c'ce
1324 2769 1446 2799 serturi
1463 2767 1548 2799 than
1564 2777 1646 2807 any-

139 2815 409 2846 circumstances
425 2814 461 2845 of
477 2814 538 2845 the
554 2824 631 2845 case
648 2814 677 2845 it
693 2823 802 2844 seems
819 2816 856 2844 to
933 2811 1035 2853 thing
1049 2812 1129 2843 else.
1178 2811 1214 2843 It
1230 2812 1259 2843 is
1282 2812 1380 2853 quite
1396 2809 1595 2851 impossible
1612 2815 1648 2841 to

140 2857 183 2889 be
196 2857 396 2899 impossible
407 2860 444 2888 to
454 2859 636 2888 construet
651 2867 695 2887 an
705 2855 856 2896 entirely
933 2858 1075 2896 suggest
1090 2866 1111 2886 a
1126 2854 1351 2896 satisfactory
1368 2854 1512 2895 reading
1528 2864 1572 2884 on
1589 2853 1648 2885 the

142 2901 366 2942 satisfactory
393 2900 547 2942 reading.
606 2900 669 2932 See
700 2899 760 2931 the
786 2902 857 2930 two
934 2897 1026 2930 basis
1042 2908 1080 2929 so
1096 2898 1261 2929 afforded.

972 2656 985 2675 ²
1009 2656 1170 2689 Persolvi.
