2033 3242
620 271 933 302 CARTULARIUM
954 270 1262 301 RIEVALLENSE.
1616 265 1635 302 1
1645 265 1694 304 81

194 375 481 418 Sanctissimae
499 375 690 430 Virginis
713 376 865 417 Mariae
882 376 933 417 de
955 375 1188 429 Beghland,
1201 375 1385 417 salutem
1405 380 1449 417 et
1469 375 1690 419 orationes.
1713 382 1753 415 by
1767 383 1889 423 Byland,

192 434 356 475 Notum
376 433 434 475 sit
460 433 627 474 caritati
648 438 799 475 vestrae
819 447 897 475 nos
918 432 1060 488 [l5lb]
1082 433 1130 474 in
1149 437 1403 487 perpetuum
1433 433 1688 476 concessisse
1708 419 1881 476 ἕιῗΞΠέᾞ-ωὲ

192 492 285 533 Deo
325 494 368 533 et
406 491 593 532 Domino
643 491 817 541 Abbati,
858 491 1107 540 willelmo}
1148 496 1191 532 et
1231 491 1436 532 fratribus
1485 491 1687 532 Ecclesiae
1706 485 1914 544 ffi‘t‘ffitssgthe

193 548 481 590 Sanctissimae
511 549 700 602 Virginis
721 549 870 590 Mariae
901 549 954 590 de
984 548 1188 597 Rievalle,
1208 554 1258 589 ut
1291 549 1450 590 faciant
1480 549 1687 590 fossatum
1707 550 1885 615 ggffgvafflssg

191 620 266 661 per
294 611 451 647 terram
481 611 670 647 nostram
702 607 756 647 ad
786 607 939 661 pedem
969 607 1135 648 Montis
1165 606 1444 656 Escheberch,
1477 607 1590 648 sicut
1625 620 1686 647 e1s
1706 618 1848 644 acertain

191 663 389 718 expedire
410 664 695 718 cognoverint,
718 669 761 705 et
781 668 831 705 ut
850 664 1039 706 habeant
1059 665 1105 705 in
1127 677 1224 705 suos
1246 678 1349 705 usus
1379 669 1537 706 terram
1557 677 1687 718 quam
1705 652 1914 719 flantisifeigssg-

191 736 246 763 ex
275 735 420 763 eorum
447 727 568 775 parte
598 722 747 763 eodem
776 723 933 763 fossato
957 722 1187 764 includunt
1217 722 1279 762 ita
1309 722 1453 776 quiete
1483 726 1527 763 et
1556 722 1687 763 libere
1706 718 1862 778 {ssffmtgrfhe

191 780 302 820 sicut
323 779 510 833 quietius
532 783 575 820 et
594 779 770 821 liberius
800 793 937 834 usque
957 780 1003 821 in
1033 780 1286 821 hodiernum
1314 780 1428 821 diem
1457 779 1686 821 tenuimus.

191 837 354 879 Valete.

241 952 445 994 CCXLV.
478 963 556 993 CCI.
579 952 762 994 Dilectis
793 953 839 993 in
865 952 1036 994 Christo
1058 952 1380 994 Co-Abbatibus
1415 957 1460 994 et
1489 952 1690 994 fratribus
1708 961 1904 987 Exhortation

181 1010 235 1052 de
255 1010 449 1051 Rievalle
471 1015 514 1051 et
544 1010 597 1051 de
628 1011 855 1065 Beglanda,
872 1011 1021 1051 Frater
1043 1011 1105 1060 G„
1137 1011 1431 1053 Cisterciensis
1458 1010 1618 1060 AbbaS‚
1648 1015 1691 1051 et
1707 996 1764 1054 {ii}
1766 996 1919 1054 {3331}

184 1069 331 1109 Frater
363 1067 662 1124 G[aufridus]2
697 1069 837 1109 dictus
864 1069 1012 1109 Abbas
1046 1069 1385 1118 Clarevallensis,
1415 1069 1462 1109 in
1500 1068 1689 1108 Domino
1706 1063 1829 1088 ΟΜΝΗ
1841 1062 1899 1088 and

182 1125 376 1167 salutem.
437 1127 644 1168 Laetificat
664 1140 742 1167 nos
762 1126 996 1180 plurimum
1017 1132 1061 1167 et
1090 1127 1262 1167 omnino
1293 1131 1462 1181 gratum
1481 1125 1688 1166 habemus
1706 1096 1887 1189 Ξέἕῖὸὲῃ-

182 1187 226 1224 et
247 1183 434 1224 multum
465 1184 585 1225 sedet
614 1184 730 1225 cordi
760 1188 903 1225 nostro
933 1185 1129 1225 fraternae
1159 1184 1275 1237 pacis
1298 1189 1340 1225 et
1368 1183 1556 1224 caritatis
1577 1184 1690 1224 inter
1707 1197 1850 1223 mevam

183 1255 258 1282 vos
283 1242 540 1283 reformatio.
603 1242 714 1292 Quia
734 1246 879 1282 tamen
900 1241 952 1282 de
972 1242 1066 1295 ipsa
1087 1242 1308 1282 vicinitate
1338 1241 1526 1282 locorum
1550 1241 1689 1281 divor—
1706 1231 1917 1290 fflffifflssssssssul

182 1299 293 1340 tium
314 1299 515 1340 timemus
532 1299 782 1347 animorum,
801 1299 1028 1340 admonere
1057 1299 1103 1339 in
1134 1299 1321 1340 Domino
1342 1299 1585 1340 curavimus
1605 1298 1690 1339 dis·
1707 1298 1839 1324 werthe

182 1357 416 1398 cretionem
435 1361 620 1398 vestram
637 1357 839 1411 quatinus
860 1371 1030 1397 omnem
1046 1357 1284 1398 adhibeatis
1306 1370 1452 1398 curam
1473 1360 1517 1398 et
1536 1355 1691 1397 sollici-
1709 1332 1909 1391 Ξῖῗῗιῗτᾝῖοῃ

183 1414 378 1456 tudinem
399 1428 483 1468 quo
504 1415 630 1455 modo
650 1429 734 1469 pax
756 1415 840 1455 ista
859 1415 1037 1455 firmiter
1057 1418 1265 1464 teneatur,
1293 1428 1371 1455 nec
1392 1415 1445 1455 ab
1467 1428 1515 1455 ea
1536 1418 1693 1455 temere
1709 1399 1867 1466 ξὲῧὲἳνῗῖῗῗί

184 1472 380 1514 devietur
395 1486 419 1513 a
440 1486 669 1526 quoquam,
688 1486 822 1526 quum
838 1486 925 1513 non
942 1472 1099 1513 dormit
1119 1486 1258 1527 neque
1275 1472 1478 1513 dormitat
1493 1471 1693 1512 inimicus

184 1530 385 1580 caritatis,
401 1544 530 1584 quam
545 1530 730 1584 graviter
745 1530 995 1585 impugnare
1011 1544 1098 1571 non
1119 1534 1265 1572 cessat.
1326 1531 1390 1571 Ea
1410 1533 1584 1584 propter
1598 1543 1693 1584 pro-

185 1588 380 1629 hibemus
401 1588 534 1637 vobis,
552 1593 593 1628 et
616 1588 871 1629 omnimodis
898 1588 1196 1630 interdicimus
1218 1589 1423 1643 quatinus
1454 1602 1541 1628 non
1571 1601 1694 1642 gran-

183 1646 298 1699 giam
322 1659 400 1686 nec
420 1649 577 1686 terram
598 1659 676 1687 nec
697 1650 917 1699 pasturam
938 1647 991 1687 ab
1012 1647 1156 1701 aliquo
1176 1647 1402 1700 requiratis
1423 1645 1495 1687 vel
1515 1645 1694 1699 accipia-

184 1703 241 1744 tis
263 1708 410 1744 contra
437 1704 619 1744 formam
648 1704 808 1745 ordinis
830 1708 873 1745 et
893 1703 1098 1745 terminos
1120 1706 1385 1745 constitutos.
1436 1704 1561 1753 Nam,
1583 1703 1695 1744 sicut

183 1759 307 1817 [152]
328 1775 404 1815 per
431 1762 739 1815 experientiam
765 1762 987 1811 didicistis,
1008 1776 1062 1803 ex
1091 1763 1186 1817 ipsa
1207 1762 1296 1804 sola
1317 1762 1541 1803 vicinitate
1571 1760 1695 1802 facile

182 1819 339 1872 poterit
369 1832 578 1874 emergere
600 1820 876 1861 dissensionis
898 1821 1062 1862 occasio
1083 1820 1168 1861 nisi
1188 1820 1327 1861 multa
1348 1819 1479 1861 fuerit
1504 1818 1696 1860 adhibita

183 1877 334 1918 cautio.

243 1995 471 2037 CCXLVI.
495 2006 592 2038 CCII.
614 1996 668 2036 In
690 1997 862 2038 nomine
885 1997 923 2038 S.
947 2000 990 2038 et
1020 1995 1263 2037 Individuae
1293 1994 1526 2046 Trinitatis,
1557 1994 1695 2035 Patris
1715 2002 1796 2034 Cory
1808 2001 1841 2027 of
1851 2008 1887 2026 an

1662 2052 1669 2060 .
1712 2035 1915 2068 arrangement

184 2058 226 2094 et
261 2053 363 2094 Filii
398 2059 441 2094 et
474 2054 658 2108 Spiritus
696 2054 857 2095 Sancti.
934 2054 1210 2096 Confirmatio
1245 2053 1460 2095 societatis
1496 2058 1539 2094 et
1578 2066 1694 2106 pacis
1712 2070 1831 2096 entered

184 2111 296 2152 inter
319 2111 479 2152 Domos
511 2112 565 2153 ad
603 2112 935 2153 Cistercensium
971 2112 1222 2166 Capitulum
1256 2112 1518 2165 pertinentes
1551 2115 1593 2152 et
1623 2123 1692 2152 eas
1711 2103 1886 2168 ffssfigfi-'gsse

184 2182 280 2222 quae
301 2169 517 2222 pertinent
538 2169 592 2210 ad
614 2170 818 2211 Ordinem
840 2170 909 2211 vel
930 2170 983 2211 ad
1006 2170 1254 2224 Capitulum
1276 2170 1328 2211 de
1360 2168 1691 2223 Semplingham.
1711 2171 1875 2230 gfrglgsssssff

186 2226 326 2280 Igitur
340 2226 394 2267 ad
408 2227 645 2268 custodiam
659 2228 775 2281 pacis
792 2231 835 2269 et
848 2227 1037 2269 caritatis
1049 2228 1265 2269 communi
1281 2241 1456 2268 assensu
1470 2227 1693 2280 utriusque
1712 2239 1833 2276 eimau-x
1845 2237 1903 2262 ana

187 2284 378 2338 Capituli
408 2285 692 2325 constitutum
724 2290 766 2326 et
798 2286 1095 2326 confirmatum
1116 2289 1181 2326 est
1200 2290 1251 2326 ut
1271 2285 1417 2326 nullus
1440 2284 1693 2326 Cistercien-
1711 2272 1870 2332 {gffhug'

187 2342 299 2382 sium
330 2343 594 2392 canonicum,
615 2343 685 2384 vel
716 2344 945 2393 novicium,
967 2344 1057 2385 sive
1087 2357 1341 2385 conversum
1372 2343 1424 2384 de
1451 2342 1612 2384 Ordine
1642 2341 1694 2382 de

188 2399 523 2454 Semplingham,
545 2401 692 2441 nullus
724 2401 777 2442 de
808 2401 884 2442 illo
907 2401 1066 2443 Ordine
1087 2401 1358 2450 monachum,
1388 2400 1606 2442 novicium
1627 2399 1696 2440 vel

186 2470 440 2498 conversum
471 2458 523 2499 de
561 2458 908 2500 Cisterciensium
950 2459 1122 2509 Ordine,
1159 2459 1244 2500 nisi
1276 2473 1328 2500 ex
1365 2459 1459 2513 pari
1489 2470 1697 2499 consensu

186 2514 374 2568 recipiat.
456 2515 615 2557 Nullus
662 2530 714 2557 ex
755 2521 937 2571 utroque
978 2517 1178 2571 Capitulo
1227 2517 1447 2571 grangiam
1498 2515 1698 2568 deinceps

186 2572 379 2622 aedificet,
395 2573 466 2614 vel
487 2574 730 2624 bercariam,
747 2575 858 2615 infra
876 2575 981 2616 duas
1002 2575 1159 2630 leugas,
1180 2574 1234 2616 ad
1256 2587 1501 2616 mensuram
1518 2572 1699 2627 Angliae,

185 2643 212 2671 a
246 2631 421 2685 grangia
450 2631 520 2672 vel
551 2632 737 2673 bercaria
772 2632 948 2674 alterius
981 2633 1167 2682 Ordinis,
1204 2636 1382 2686 excepto
1422 2631 1547 2686 quod,
1583 2631 1619 2671 si
1654 2630 1699 2669 in

186 2687 292 2728 villa
307 2688 452 2742 aliqua
467 2689 580 2731 infra
594 2689 670 2731 has
685 2695 820 2731 metas
838 2690 937 2731 data
949 2691 1090 2741 fuerit,
1105 2691 1197 2732 sine
1211 2691 1355 2744 aliquo
1372 2689 1509 2744 pretio
1526 2687 1595 2729 vel
1616 2701 1700 2728 ser-

188 2746 294 2787 vitio
316 2747 437 2800 cujus
459 2753 548 2788 erat
570 2753 692 2798 terra,
708 2762 844 2802 usque
865 2749 919 2790 ad
939 2763 1076 2789 unum
1096 2755 1285 2790 aratrum
1306 2748 1454 2789 licebit
1475 2745 1702 2799 suscipere,

230 2843 242 2862 1
268 2843 437 2884 william,
464 2845 526 2877 the
556 2845 635 2878 first-1
664 2846 795 2885 Abbot,
825 2857 900 2889 pre·
985 2848 1022 2879 in
1060 2847 1120 2879 the
1157 2849 1244 2878 next
1282 2845 1482 2883 document,
1523 2847 1560 2876 to
1589 2842 1703 2874 which

186 2887 326 2928 viously
343 2887 473 2920 Rector
489 2889 525 2920 of
541 2889 684 2922 Garton.
984 2901 1163 2922 moreover
1175 2901 1196 2921 a
1208 2889 1290 2921 date
1302 2889 1331 2920 is
1342 2886 1537 2930 appended,
1551 2886 1702 2928 namely,

231 2929 244 2949 ²
266 2930 334 2962 His
356 2942 457 2963 name
473 2932 546 2964 will
569 2933 611 2965 be
638 2933 748 2965 found
775 2934 812 2966 in
839 2933 905 2965 full
989 2935 1081 2966 1164.
