2033 3242
514 234 825 265 GARTULARIUM
846 235 1149 265 RIEVALLENSE.
1503 229 1583 266 303

78 339 194 379 filius
214 338 346 379 Alani
378 339 575 392 Ingeram
606 339 657 380 de
689 339 1005 394 Scardeburghe
1035 371 1044 381 .
1075 372 1083 380 .
1116 372 1124 379 .
1157 339 1259 380 fecit
1289 340 1382 381 Deo
1412 372 1420 380 .
1453 372 1461 381 .
1493 373 1501 380 .
1534 340 1586 381 (16

77 400 170 437 tota
199 401 321 445 terra,
343 410 440 437 cum
462 396 652 437 aedificiis
683 402 726 438 et
755 397 850 438 aliis
881 397 1167 451 pertinenciis,
1188 411 1316 451 quam
1347 397 1506 438 habent
1533 411 1587 438 ex

79 454 309 494 donatione
360 454 532 495 Thomas
586 455 665 494 filii
720 455 905 496 Simonis
958 456 1115 508 Beryer
1161 455 1214 496 de
1265 455 1552 509 Scardeburgo
1578 471 1586 496 ε

80 512 369 552 Donationem
400 544 408 552 .
439 544 447 552 .
480 544 488 552 .
520 512 849 565 resignationem
880 517 923 553 61
953 513 1142 566 quietam
1173 512 1451 553 clamanciam
1481 526 1586 566 quas

82 569 230 610 Simon
242 569 282 610 16
300 569 469 623 Beryer,
485 569 597 610 filius
615 570 800 611 Simonis
816 571 857 611 le
874 571 1030 624 Beryer
1045 570 1097 611 (16
1111 571 1398 624 Scardeburgo
1414 603 1422 612 .
1438 603 1445 611 .
1460 603 1468 611 .
1486 571 1588 612 fecit

80 627 175 667 Deo
206 659 214 668 .
247 659 255 668 .
287 659 296 668 .
329 627 381 667 de
402 631 493 667 tota
513 632 625 668 terra
652 628 736 678 illa,
758 642 856 669 cum
887 628 1076 669 aedificiis
1107 628 1398 682 superpositis,
1419 632 1462 669 et
1491 628 1587 669 aliis

81 684 369 738 pertinenciis,
390 684 436 725 in
468 685 572 725 villa
608 685 660 726 de
697 685 1012 740 Scardeburghe
1047 686 1093 726 in
1129 686 1252 727 Novo
1284 687 1425 740 Burgo
1457 700 1588 740 quam

81 742 233 782 habuit
267 756 320 783 ex
361 742 589 783 donatione
624 744 924 796 praedictorum
955 744 1138 784 Abbatis
1179 747 1221 784 et
1261 744 1587 785 monachorum:

80 800 371 841 Donationem
402 800 575 854 insuper
596 815 724 854 quam
746 802 927 842 Thomas
950 801 1135 856 Bergner
1156 802 1246 856 [sio]
1270 835 1277 842 .
1300 835 1308 843 .
1333 835 1340 843 .
1364 802 1465 843 fecit
1495 802 1588 843 Deo

81 890 89 899 .
122 890 130 898 .
163 890 171 899 .
204 858 256 898 de
288 871 374 898 uno
411 858 609 899 milliario
643 859 694 899 de
725 859 856 899 allece
889 860 997 899 ruffo
1033 860 1257 900 annuatim
1292 860 1506 901 reddendo
1542 861 1588 900 in

80 915 184 956 villa
224 916 275 956 de
317 916 658 970 Scardeburghe:
700 917 989 958 Donationem
1029 931 1135 971 quas
1175 918 1332 971 Agnes,
1373 918 1589 971 quondam

80 987 188 1014 uxor
224 973 416 1026 Gregorii
448 974 664 1023 Caretarii‚
695 975 798 1015 fecit
832 975 924 1015 Deo
955 1007 962 1015 .
995 1007 1003 1016 .
1035 1007 1043 1016 .
1076 975 1128 1016 (16
1163 980 1254 1015 tota
1289 981 1401 1017 terra
1436 975 1513 1016 illa
1544 976 1590 1016 in

80 1031 186 1071 villa
217 1031 268 1072 de
305 1032 622 1086 Scartheburge,
655 1046 753 1072 cum
788 1032 976 1073 aedificiis
1018 1036 1060 1073 61
1100 1033 1298 1073 omnibus
1331 1034 1425 1074 aliis
1461 1033 1590 1087 perti-

83 1089 258 1139 nenciis,
282 1103 376 1142 quae
392 1090 506 1142 jacet
532 1090 576 1129 in
598 1090 865 1143 longitudine
887 1090 999 1131 inter
1020 1096 1176 1131 terram
1198 1104 1292 1144 quae
1314 1091 1398 1131 fuit
1420 1091 1591 1132 Ricardi

84 1147 165 1187 filii
186 1147 405 1201 Radulphi
428 1147 630 1188 Colsuain
653 1153 695 1188 61
716 1147 953 1188 chiminum
974 1149 1152 1188 Domini
1174 1149 1314 1202 Regis,
1336 1154 1379 1189 et
1399 1149 1451 1190 de
1481 1149 1590 1190 tofto

84 1205 159 1245 illo
181 1205 294 1258 quod
311 1205 425 1258 jacet
441 1206 568 1258 juxta
590 1205 815 1258 Hospitale
838 1205 876 1246 S.
900 1205 1070 1246 Thomae
1098 1206 1144 1246 in
1175 1206 1323 1246 eadem
1344 1206 1460 1256 villa,
1480 1207 1592 1247 inter

83 1266 216 1303 terras
253 1263 445 1315 ejusdem
478 1263 730 1316 Hospitalis,
765 1268 809 1303 61
841 1263 893 1303 (16
928 1263 1011 1303 alio
1047 1263 1156 1303 tofto
1192 1264 1307 1317 quod
1334 1264 1449 1317 jacet
1480 1265 1593 1305 inter

83 1324 239 1360 terram
260 1334 355 1373 quae
377 1321 460 1360 fuit
482 1321 695 1374 Ingelram
715 1321 755 1360 le
771 1321 940 1361 Vacher
955 1327 998 1361 et
1017 1324 1175 1361 terram
1197 1335 1291 1375 quae
1311 1322 1397 1362 fuit
1416 1322 1524 1363 Adae
1541 1322 1591 1363 de

85 1378 440 1432 Uggeswardeby,
462 1383 505 1418 et
529 1379 581 1419 de
612 1379 720 1419 tofto
751 1378 825 1418 illo
861 1378 936 1418 ubi
966 1392 1133 1419 orreum
1163 1379 1357 1432 praedicti
1389 1380 1593 1434 Gregorii,

83 1436 299 1489 quondam
336 1436 418 1476 viri
451 1436 587 1490 ipsius
617 1436 810 1490 Agnetis,
842 1436 973 1476 situm
1009 1435 1124 1491 [est],
1159 1451 1258 1478 cum
1293 1438 1592 1491 pertinenciis:

83 1493 372 1534 Donationem
392 1527 400 1535 .
434 1527 443 1535 .
474 1527 482 1534 .
505 1507 611 1547 quas
632 1494 814 1534 Thomas
840 1494 953 1534 filius
974 1494 1147 1535 Thomae
1177 1495 1229 1536 de
1252 1495 1499 1537 Sculekotes
1519 1529 1527 1537 .
1551 1529 1560 1537 .
1582 1529 1591 1537 .

85 1551 187 1592 fecit
207 1552 300 1592 Deo
331 1585 339 1592 .
373 1585 381 1593 .
414 1584 422 1592 .
455 1552 507 1592 (16
529 1551 661 1592 libero
683 1551 875 1605 ingressu
901 1555 944 1592 et
974 1566 1144 1606 egressu
1175 1567 1250 1607 per
1279 1567 1477 1608 magnam
1499 1568 1591 1608 por-

84 1614 173 1649 tam
194 1609 372 1663 lapideae
394 1609 543 1649 domus
567 1610 785 1650 Beverlaci
812 1609 858 1649 in
880 1609 1174 1664 Flamangaria
1205 1625 1335 1665 quam
1367 1612 1509 1652 tenuit
1540 1612 1592 1653 de

83 1667 253 1715 eisdem,
277 1671 320 1707 61
340 1667 392 1707 de
416 1667 484 1707 via
503 1667 636 1707 libera
663 1668 716 1707 ab
738 1667 885 1708 eadem
907 1667 1030 1708 domo
1062 1682 1197 1722 usque
1228 1669 1281 1710 ad
1312 1683 1466 1723 aquam
1497 1684 1592 1723 quae

83 1725 214 1765 currit
229 1725 357 1778 juxta
377 1724 505 1766 finem
523 1725 647 1765 fundi
662 1725 821 1778 ipsius:
843 1725 1132 1767 Donationem
1153 1760 1160 1767 .
1183 1759 1190 1768 .
1214 1760 1221 1767 .
1245 1741 1350 1780 quas
1373 1728 1401 1769 J
1405 1728 1592 1769 ohannes

85 1782 198 1822 filius
220 1783 432 1823 Johannis
453 1783 664 1823 Vinitoris
696 1783 748 1824 (16
777 1783 1004 1824 Beverlaco
1036 1817 1044 1824 .
1077 1817 1084 1825 .
1117 1817 1125 1825 .
1158 1784 1260 1825 fecit
1294 1785 1387 1826 Deo
1418 1819 1425 1826 .
1459 1819 1467 1826 .
1500 1819 1508 1827 .
1540 1786 1592 1827 de

85 1844 175 1880 tota
196 1840 319 1881 domo
341 1854 418 1881 sua
438 1840 606 1894 lapidea
627 1841 678 1882 de
701 1841 928 1882 Beverlaco
950 1842 996 1881 in
1017 1841 1322 1896 Flamengaria,
1344 1847 1387 1884 613
1408 1843 1459 1884 (16
1481 1848 1592 1884 terra

84 1897 131 1937 in
163 1912 258 1951 quae
289 1898 371 1939 sita
401 1903 477 1947 est,
509 1912 606 1939 cum
637 1899 924 1952 pertinenciis,
946 1904 988 1940 et
1019 1899 1071 1940 de
1101 1899 1193 1940 1000
1215 1901 1269 1940 ad
1299 1914 1509 1942 cameram
1551 1907 1593 1942 et

87 1956 307 1996 stabulum
330 1956 412 1997 sibi
434 1956 670 1997 sufficiente
693 1957 738 1996 in
755 1962 874 1997 curte
891 1957 1081 2010 ejusdcm
1099 1957 1260 2007 domus,
1275 1959 1350 1999 ubi
1366 1959 1592 2009 voluerint,

85 2018 128 2054 et
149 2014 201 2054 de
223 2014 385 2055 caeteris
419 2014 681 2055 aisiamentis
714 2015 759 2054 in
792 2015 939 2055 eadem
973 2020 1090 2056 curte
1123 2015 1234 2056 sicut
1267 2016 1327 2057 eis
1360 2017 1592 2070 placuerit:

82 2071 370 2113 Donationem
391 2104 399 2113 .
421 2104 429 2113 .
454 2105 462 2113 .
485 2086 590 2125 quas
618 2073 800 2112 Thomas
837 2072 888 2113 de
922 2073 1169 2113 Skulecotes
1191 2107 1198 2114 .
1220 2108 1228 2115 .
1253 2107 1260 2114 .
1283 2074 1385 2115 fecit
1405 2075 1498 2116 Deo
1519 2108 1528 2118 .
1551 2108 1559 2117 .
1583 2108 1592 2118 .

83 2128 136 2169 de
172 2133 261 2169 1010
298 2129 372 2169 1110
403 2130 546 2179 crofto,
568 2144 666 2170 cum
697 2130 984 2182 pertinenciis,
1007 2131 1120 2184 quod
1151 2132 1292 2172 tenuit
1322 2132 1374 2173 (16
1404 2133 1591 2173 Domino

82 2186 328 2236 Benedicto,
348 2187 476 2227 fratre
498 2201 585 2236 suo,
607 2188 721 2240 apud
743 2188 1043 2229 Beverlacum:
1066 2189 1353 2230 Donationem
1374 2223 1382 2232 .
1415 2223 1422 2231 .
1455 2224 1463 2232 .
1486 2205 1591 2245 quas

84 2244 352 2293 Hamelinus,
374 2245 574 2285 Decanus
596 2245 646 2285 (16
667 2245 849 2286 Jerburc
873 2244 965 2301 [sic]
990 2250 1032 2286 et
1052 2246 1245 2296 Mabilla,
1266 2261 1373 2288 uxor
1393 2249 1497 2302 ejus,
1518 2282 1526 2290 .
1551 2282 1559 2290 .
1583 2283 1589 2290 .

84 2303 277 2342 fecerunt
298 2302 391 2342 Deo
418 2334 426 2342 .
455 2335 463 2343 .
492 2335 500 2344 .
522 2302 574 2343 (16
595 2316 681 2342 11110
703 2303 822 2351 tofto,
843 2317 941 2343 cum
962 2304 1249 2356 pertinenciis,
1270 2306 1316 2345 in
1338 2306 1564 2348 Beverlaco
1583 2324 1590 2348 :

84 2360 374 2401 Donationem
403 2393 411 2400 .
447 2390 456 2399 .
489 2393 497 2400 .
531 2374 635 2413 quas
657 2360 808 2409 Alicia‚
830 2361 917 2401 filia
940 2361 1160 2402 Hamelini
1180 2363 1355 2413 Decani‚
1377 2365 1479 2405 fecit
1498 2366 1591 2406 Deo

86 2422 129 2457 et
159 2418 378 2458 monachis
410 2418 623 2471 praedictis
646 2418 697 2458 de
718 2422 808 2459 tota
829 2423 950 2468 terra,
972 2433 1069 2459 cum
1090 2421 1377 2473 pertinenciis,
1393 2436 1487 2476 quae
1510 2423 1592 2463 fuit

86 2474 302 2524 Alveredi,
323 2475 393 2516 avi
428 2476 506 2523 sui,
540 2475 585 2515 in
607 2476 843 2525 Beverlac0‚
880 2477 1073 2530 proxima
1109 2478 1254 2519 domui
1286 2481 1591 2521 monachorum

85 2533 397 2586 praedictorum,
419 2547 516 2573 cum
537 2533 629 2587 ipso
649 2534 825 2587 gardino
846 2538 889 2575 61
910 2534 1078 2576 fossatis
1104 2536 1421 2579 circueuntibus
1448 2539 1590 2592 ipsum

86 2590 336 2643 gardinum:
388 2591 676 2632 Donationem
720 2605 826 2645 quas
868 2592 1079 2634 Robertus
1119 2594 1171 2635 de
1213 2595 1437 2645 Stutevile,
1477 2596 1591 2636 filius

86 2648 296 2689 Willelmi
332 2649 383 2689 de
413 2649 622 2689 Stutevile
653 2682 660 2690 .
694 2683 701 2690 .
734 2682 742 2690 .
775 2649 876 2690 fecit
910 2650 1002 2691 Deo
1034 2684 1041 2692 .
1075 2683 1083 2691 .
1115 2685 1123 2693 .
1157 2652 1208 2693 (16
1244 2667 1386 2693 annuo
1422 2653 1592 2694 redditu

86 2706 274 2747 dimidiae
304 2720 467 2755 marcae,
498 2707 677 2760 singulis
705 2707 828 2748 annis
849 2708 1163 2762 imperpetuum
1185 2711 1456 2764 percipiendo
1477 2711 1590 2765 apud

87 2777 164 2805 nos
203 2778 279 2817 per
323 2777 499 2805 manum
540 2764 689 2804 ballivi
730 2765 820 2806 sive
860 2767 1076 2819 praepositi
1120 2768 1256 2821 ipsius
1301 2769 1486 2817 Roberti‚
1523 2769 1591 2810 vel

87 2821 303 2863 haeredum
325 2835 523 2863 suorum:
554 2822 841 2864 Donationem
871 2855 879 2863 .
912 2856 920 2864 .
953 2856 961 2864 .
994 2838 1099 2878 quas
1122 2825 1250 2880 Hugo
1278 2826 1346 2867 del
1367 2826 1497 2867 Tuhit
1518 2859 1526 2868 .
1550 2860 1558 2867 .
1581 2859 1588 2867 .

87 2879 189 2921 fecit
214 2879 308 2921 Deo
339 2913 347 2921 .
380 2913 387 2921 .
420 2913 428 2921 .
461 2880 513 2921 (16
548 2880 656 2921 xviii
690 2881 910 2935 perticatis
945 2881 991 2922 in
1027 2882 1256 2925 latitudine
1296 2884 1341 2924 in
1383 2891 1503 2938 prato
1538 2885 1591 2926 (16
