2033 3242
859 290 1090 320 APPENDIX.
1657 282 1707 322 37
1715 286 1737 321 5

221 393 392 443 diaconi,
427 394 698 445 appellaturos
745 395 939 446 quosdam
976 394 1019 432 in
1056 393 1184 433 causis
1222 394 1303 433 suis
1351 394 1596 444 existimant,
1631 395 1742 434 nulla

221 449 383 500 penitus
403 448 679 488 admonitione
698 450 913 500 praemissa,
936 448 1206 500 suspensionis
1230 461 1298 487 seu
1319 449 1741 488 excommunicationis

220 503 263 541 in
283 516 349 542 eos
369 503 612 541 sententiam
631 503 794 542 feriunt.
852 503 935 541 Alii
951 503 1072 541 etiam
1093 501 1217 555 [cum]
1239 502 1288 541 de
1309 503 1523 554 superioris
1542 504 1743 542 sententia

221 561 262 596 et
274 556 486 608 disciplina
498 557 686 596 canonica
697 557 973 603 reformidant,
988 557 1073 596 sine
1088 556 1169 595 ullo
1184 557 1416 608 gravamine
1431 556 1742 608 appellationem

221 611 429 663 objiciunt,
445 616 486 650 et
500 611 543 649 in
559 611 833 651 defensionem
852 611 1078 662 iniquitatis
1096 615 1293 662 usurpant
1312 611 1419 662 quod
1440 611 1491 649 ad
1511 611 1742 662 praesidium

221 665 462 704 innocentiae
496 665 718 704 dinoscitur
749 665 996 704 institutum.
1072 664 1277 713 Quocirca,
1312 678 1362 704 ne
1394 664 1551 718 [i]idem
1579 665 1743 704 Praelati

223 719 307 758 sine
328 732 446 758 causa
464 719 627 758 valeant
645 733 810 771 gravare
831 719 1025 767 subditos,
1048 719 1113 758 vel
1133 719 1297 767 subditi,
1319 733 1391 771 pro
1416 719 1499 758 sola
1517 719 1740 768 voluntate,

222 773 297 812 sub
316 774 597 825 appellationis
613 774 782 813 obtentu
797 773 957 812 valeant
976 773 1262 812 correctionem
1283 773 1443 812 eludere
1462 773 1738 821 Praelatorum,

221 828 411 878 praesenti
431 828 591 867 decreto
621 828 835 866 statuimus
865 831 913 866 ut
942 841 1023 866 non
1043 827 1216 874 Praelati,
1238 827 1317 866 nisi
1346 828 1536 867 canonica
1565 827 1742 867 admoni-

221 881 332 921 tione
370 882 584 933 praemissa,
626 881 895 933 suspensionis
932 881 997 920 vel
1036 882 1461 920 excommunicationis
1499 883 1741 921 sententiam

220 936 430 997 proferant
449 937 491 974 in
512 937 726 987 subjectos,
748 935 825 974 nisi
846 935 937 974 talis
957 935 1081 974 fuerit
1109 935 1226 986 culpa
1252 949 1340 986 quae
1359 936 1468 988 ipsis,
1489 950 1635 988 genere
1655 950 1739 984 5110,

221 990 492 1041 suspensionis
520 990 585 1029 vel
616 989 1041 1029 excommunicationis
1074 989 1266 1040 inducat:
1295 1003 1368 1029 nec
1398 990 1570 1041 subjecti
1603 995 1743 1029 contra

221 1043 475 1095 disciplinam
495 1044 810 1091 ecclesiasticam,
834 1048 927 1082 ante
955 1043 1180 1095 ingressum
1209 1057 1346 1093 causae,
1369 1043 1412 1082 in
1441 1057 1580 1084 vocem
1609 1044 1741 1095 appel-

219 1097 382 1137 lationis
424 1103 698 1150 perrumpant.
774 1075 818 1137 Sâ€™i
860 1111 956 1136 vero
1004 1098 1218 1149 quisquam
1261 1111 1333 1149 pro
1381 1111 1455 1137 sua
1501 1099 1741 1138 necessitate

220 1152 438 1191 crediderit
471 1152 769 1204 appellandum,
792 1156 1024 1203 competens
1045 1152 1081 1191 ei
1110 1151 1161 1190 ad
1195 1152 1516 1203 prosequendam
1544 1153 1741 1192 terminus

217 1207 460 1258 praefigatur,
478 1207 585 1245 infra
604 1220 724 1257 quem
744 1206 1056 1257 appellationem
1075 1206 1273 1257 prosequi.
1315 1206 1359 1245 Si
1378 1205 1483 1246 forte
1503 1206 1739 1258 neglexerit,

216 1260 342 1299 libere
362 1266 459 1300 tunc
492 1261 713 1313 Episcopus
742 1260 982 1299 auctoritate
1013 1259 1144 1300 feriat.
1204 1260 1247 1299 Si
1276 1264 1411 1299 autem
1436 1260 1479 1299 in
1499 1274 1740 1312 quocunque

217 1314 381 1366 negotio
401 1315 546 1366 aliquis
567 1314 841 1366 appellaverit,
859 1319 900 1353 et
915 1327 961 1353 eo
981 1314 1051 1364 qui
1071 1313 1294 1366 appellatus
1314 1314 1440 1353 fuerit
1454 1316 1653 1363 veniente,
1671 1315 1741 1365 qui

217 1369 492 1420 appellaverit,
516 1369 549 1408 si
568 1369 706 1408 venire
733 1368 968 1419 neglexerit,
991 1368 1024 1406 si
1052 1369 1260 1419 proprium
1290 1368 1389 1419 quid
1417 1368 1616 1417 habuerit,
1638 1382 1741 1407 com-

216 1428 426 1474 petentem
456 1423 491 1462 ei
519 1423 932 1483 recompensationem
960 1422 1085 1461 faciat
1114 1435 1392 1483 expensarum,
1413 1427 1460 1461 ut
1480 1423 1577 1462 hoc1
1598 1423 1741 1462 saltem

217 1477 362 1516 timore
382 1478 622 1538 perterritus
652 1477 695 1516 in
730 1490 827 1528 grav
831 1489 947 1515 amen
980 1476 1145 1515 alterius
1174 1476 1291 1515 facile
1320 1476 1410 1527 quis
1438 1490 1520 1516 non
1550 1477 1735 1529 appellet.

216 1530 423 1583 Praecipue
457 1545 553 1570 vero
587 1532 628 1570 in
666 1531 763 1570 10015
800 1530 998 1582 religiosis
1035 1530 1111 1569 hoc
1149 1530 1402 1582 praecipimus
1441 1531 1656 1580 observari,
1687 1545 1739 1571 ne

216 1585 403 1624 monachi
432 1586 517 1624 sive
546 1586 775 1637 quicunque
803 1584 993 1636 religiosi,
1016 1598 1106 1623 cum
1135 1597 1207 1635 pro
1237 1585 1372 1635 aliquo
1401 1598 1567 1625 excessu
1586 1586 1740 1625 fuerint

217 1639 441 1691 corrigendi
462 1653 595 1679 coram
610 1639 785 1692 regulari
804 1639 1010 1686 Praelato,2
1031 1644 1071 1678 et
1092 1638 1269 1690 Capituli
1291 1639 1352 1677 sui
1372 1639 1595 1691 disciplina,
1611 1641 1743 1692 appel-

214 1692 297 1732 lare
317 1698 572 1744 praesumant,
596 1699 658 1732 set
677 1693 885 1733 humiliter
905 1706 949 1732 ac
969 1693 1115 1732 devote
1144 1693 1365 1744 suscipiant
1391 1694 1498 1744 quod
1518 1707 1592 1745 pro
1612 1695 1739 1733 salute

216 1760 288 1786 sua
306 1747 432 1786 fuerit
451 1748 506 1786 eis
526 1747 764 1798 injunctum.

270 1857 334 1895 28.
364 1866 520 1895 XXXVI.
553 1855 641 1908 [14]
673 1855 738 1894 Ita
766 1855 1021 1906 quorundam
1061 1855 1214 1893 animos
1249 1856 1460 1906 occupavit
1494 1870 1598 1895 saeva
1636 1858 1741 1908 cupi-

215 1908 333 1958 ditas,
348 1915 407 1958 ut,
422 1910 492 1961 qui
505 1910 733 1962 gloriantur
747 1910 909 1948 nomine
926 1909 1171 1956 Christiano,
1189 1909 1415 1948 Sarracenis
1436 1923 1558 1960 arma,
1574 1910 1738 1960 ferrum,

216 1968 258 2003 et
289 1964 510 2015 lignamina
541 1964 727 2003 deferant
759 1963 976 2016 galearum,
999 1968 1040 2002 et
1060 1976 1174 2014 pares
1195 1967 1265 2001 aut
1294 1964 1415 2002 etiam
1444 1965 1668 2016 superiores
1698 1967 1741 2004 in

216 2018 373 2057 malitia
405 2019 507 2057 fiant
539 2018 631 2065 illis,
653 2018 751 2056 dum
779 2017 830 2056 ad
864 2017 1159 2069 impugnandos
1189 2017 1440 2056 Christianos
1470 2032 1581 2057 arma
1615 2019 1671 2058 eis
1701 2025 1742 2059 et

216 2073 440 2111 necessaria
459 2072 778 2111 subministrant.
830 2071 901 2110 Set
921 2071 1043 2110 etiam
1064 2070 1194 2124 [sunt]
1215 2072 1294 2122 qui,
1316 2085 1390 2123 pro
1419 2085 1490 2111 sua
1520 2073 1741 2124 cupiditate

218 2125 387 2177 decepti,
423 2126 465 2164 in
493 2127 617 2178 galeis
646 2131 687 2165 et
724 2126 902 2176 piraticis
937 2125 1246 2164 Sarracenorum
1279 2126 1451 2165 navibus
1488 2127 1666 2178 regimen
1701 2134 1742 2167 et

220 2193 356 2219 curam
388 2180 691 2231 gubernationis
725 2183 948 2219 exerceant.
1025 2179 1142 2218 Tales
1180 2179 1304 2231 igitur
1338 2180 1387 2219 ab
1420 2180 1606 2220 Ecclesiae
1640 2195 1741 2221 com-

220 2234 411 2273 munione
445 2234 661 2285 praecisos,3
683 2238 724 2272 et
757 2233 1160 2272 excommunicationi
1193 2247 1266 2284 pro
1301 2247 1373 2273 sua
1401 2234 1619 2286 iniquitate
1653 2237 1742 2276 sub-

220 2288 359 2349 iectos,
382 2293 423 2327 et
442 2302 576 2327 rerum
596 2301 757 2326 suarum
778 2301 849 2339 per
867 2287 1068 2339 principes
1088 2287 1222 2326 saeculi
1246 2288 1473 2336 catholicos,
1498 2294 1538 2328 et
1558 2291 1740 2329 consules

221 2342 444 2390 civitatum,
463 2342 686 2393 piivatione
707 2341 871 2380 militari
893 2340 1139 2403 [feriendos],
1144 2343 1159 2366 4
1175 2347 1215 2380 et
1235 2342 1447 2393 capiendos
1461 2344 1476 2367 5
1498 2342 1573 2397 [111]
1591 2358 1737 2392 5011105,

221 2396 255 2435 51
275 2397 382 2447 capti
401 2373 563 2444 fuerint,
586 2396 671 2435 fore
692 2409 908 2435 censemus.
968 2395 1226 2446 Praecipimus
1255 2402 1391 2436 autem
1419 2402 1465 2435 ut
1494 2398 1544 2436 ab
1573 2398 1646 2446 his,
1670 2399 1740 2459 qui

221 2450 407 2489 ecclesias
435 2450 727 2488 maritimarum
756 2450 917 2489 urbium
949 2449 1169 2501 possident,
1190 2450 1327 2489 crebra
1361 2455 1402 2490 et
1434 2430 1665 2503 sollempnis
1699 2453 1741 2491 in

222 2517 290 2543 eos
309 2505 379 2543 fiat
399 2504 771 2543 excommunicatio.
849 2503 1285 2543 Excommunicationis
1315 2518 1476 2556 quoque
1504 2519 1631 2557 poenae
1653 2507 1742 2545 sub-

221 2557 372 2597 dantur
391 2559 460 2609 qui
479 2558 683 2597 Romanos
704 2563 775 2596 aut
794 2557 892 2596 alios
913 2558 1174 2606 Christianos,
1197 2572 1269 2609 pro
1293 2559 1566 2611 negotiatione
1587 2565 1656 2599 aut
1676 2560 1740 2599 vel

221 2612 308 2651 aliis
329 2612 508 2651 honestis
528 2612 656 2651 causis
676 2612 836 2663 navigio
857 2617 1003 2660 vectos,
1026 2617 1097 2650 aut
1125 2626 1276 2663 capere,
1299 2619 1370 2652 aut
1397 2614 1517 2652 rebus
1537 2614 1618 2652 suis
1639 2615 1741 2665 spol-

265 2697 279 2718 1
302 2698 365 2731 It
355 2709 385 2730 1s
401 2710 487 2741 very
500 2698 666 2731 doubtful
678 2699 758 2730 how
771 2699 826 2730 far
841 2699 942 2730 these
1063 2699 1076 2718 4
1101 2699 1174 2731 The
1191 2710 1291 2732 sense
1301 2700 1330 2732 is
1341 2711 1379 2732 so
1395 2700 1604 2742 incomplete
1615 2701 1695 2733 that
1712 2702 1743 2733 it

222 2743 296 2774 two
306 2742 423 2775 words
440 2753 522 2784 may
531 2743 573 2774 be
587 2743 759 2784 correctly
772 2743 936 2774 inserted.
1018 2742 1049 2775 is
1089 2743 1235 2775 obvious
1274 2754 1368 2776 some
1406 2745 1572 2776 omission
1610 2745 1732 2777 exists.

222 2785 297 2817 The
320 2795 378 2819 MS.
407 2786 489 2817 here
512 2786 610 2828 gives
633 2786 717 2828 only
740 2786 772 2818 Î±â€™
798 2786 854 2824 h'Í¾
877 2785 943 2817 but
1020 2786 1123 2819 Some
1139 2787 1237 2818 word
1254 2788 1444 2829 analogous
1464 2787 1500 2818 in
1523 2788 1688 2830 meaning
1704 2792 1743 2820 to

222 2829 253 2861 it
269 2840 380 2861 seems
394 2829 544 2862 difficult
560 2832 597 2862 to
614 2832 757 2872 suggest
769 2829 943 2871 anything
1019 2830 1082 2862 the
1099 2840 1163 2861 one
1180 2831 1336 2862 inserted
1353 2831 1383 2862 is
1400 2831 1530 2872 clearly
1546 2832 1698 2863 wanted.

222 2871 350 2906 better.
1063 2872 1076 2892 âµ
1099 2873 1205 2905 This
1195 2884 1225 2905 15
1237 2874 1382 2906 written
1395 2874 1613 2915 capientium,
1622 2875 1738 2907 which

263 2916 277 2936 Â²
298 2916 455 2949 Proelati.
1019 2916 1049 2948 is
1073 2916 1205 2959 clearly
1222 2928 1368 2960 wrÍ¾0ng
1393 2918 1575 2959 capiendos
1599 2929 1680 2960 may
1697 2918 1742 2950 be

262 2959 276 2981 3
298 2960 481 2993 Prescisos.
1018 2959 1125 3002 right.
