2033 3242
321 319 344 355 3
352 318 373 357 7
381 319 403 357 6
755 326 1067 357 CARTULARIUM
1089 326 1396 358 RIEVALLENSE.

315 430 408 478 iare,
431 435 689 482 praesumunt.
746 430 813 469 Illi
834 430 955 469 etiam
975 429 1043 480 qui
1064 429 1314 469 Christianos
1342 431 1598 483 naufragium
1617 430 1830 483 patienteS,

316 485 463 535 quibus
482 485 703 524 secundum
731 484 911 535 regulam
939 483 1033 522 fidei
1061 483 1214 523 auxilio
1241 497 1325 523 esse
1353 489 1553 535 tenentur,
1576 484 1834 536 dampnanda

315 538 538 590 cupiditate
567 539 686 578 rebus
715 539 796 577 suis
816 538 986 590 spoliare
1015 542 1274 589 praesumunt,
1296 537 1374 577 nisi
1402 539 1536 579 ablata
1567 539 1832 586 reddiderint,

317 592 719 632 excommunicationi
739 606 779 632 se
799 592 988 631 noverint
1007 592 1224 643 subjacere.

373 701 433 739 29.
466 710 638 739 XXXVII.
671 699 775 748 Quia
806 699 849 738 in
888 699 1073 738 omnibus
1108 699 1191 739 fere
1224 699 1321 739 locis
1353 699 1411 739 ita
1443 700 1592 740 crimen
1619 714 1833 740 usurarum

315 753 500 801 invaluit,
534 758 591 802 ut,
622 754 761 792 multis
790 753 962 804 negotiis
990 754 1077 792 aliis
1106 754 1394 805 praetermissis,
1416 755 1530 805 quasi
1556 755 1664 794 licite
1692 768 1833 794 usuras

316 820 500 847 exercere
521 808 693 856 valeant,
716 813 757 847 et
777 807 950 858 qualiter
968 808 1178 859 utriusque
1207 808 1440 847 testamenti
1459 808 1606 860 pagina
1624 809 1834 860 condemp-

316 866 475 910 nentur,
497 875 750 913 nequaquam
780 861 1347 910 attendunt,—constituimus
1374 868 1422 901 ut
1441 863 1611 902 usurarii
1630 862 1834 902 manifesti

316 928 388 954 nec
409 916 460 954 ad
480 916 800 955 communionem
820 916 1090 954 admittantur
1109 916 1257 965 altaris,
1280 930 1352 956 nec
1372 916 1654 956 Christianam.
1728 916 1770 955 Si
1790 916 1833 955 in

315 969 390 1008 hoc
411 975 573 1021 peccato
603 969 858 1018 decesserint,
880 970 1057 1008 habeant
1090 971 1363 1021 sepulturam;
1391 976 1453 1009 set
1482 984 1555 1010 nec
1589 970 1833 1010 oblationem

315 1036 456 1062 eorum
485 1024 697 1075 quisquam
729 1024 906 1075 recipiat,
929 1028 1000 1062 aut
1020 1023 1258 1063 Christianae
1287 1025 1502 1064 tradiderit
1521 1025 1764 1076 sepulturae,
1792 1029 1834 1063 et

316 1091 363 1116 ea
382 1091 471 1128 quae
491 1079 686 1129 receperit
707 1077 812 1131 [14¹³]
833 1078 1001 1116 reddere
1021 1078 1286 1129 compellatur
1302 1095 1313 1128 3
1342 1083 1383 1118 et
1395 1078 1531 1127 donec,
1552 1079 1603 1118 ad
1623 1078 1834 1117 arbitrium

314 1131 377 1170 sui
396 1132 596 1184 Episcopi,
614 1132 863 1179 satisfecerit,
881 1133 931 1171 ab
951 1132 1068 1171 officii
1087 1133 1149 1171 sui
1168 1137 1331 1172 maneat
1350 1133 1586 1172 executione
1606 1145 1832 1184 suspensus.

371 1295 434 1332 30.
476 1303 650 1332 CLXXVI.
687 1293 1027 1333 Memoranduml
1057 1294 1166 1346 quod
1199 1294 1365 1346 singulis
1401 1294 1517 1333 annis
1554 1293 1735 1333 dandum
1774 1297 1836 1333 est

314 1361 388 1398 pro
418 1347 497 1386 fine
532 1347 759 1386 Comitatus
789 1353 830 1387 et
859 1348 1065 1400 Wapent2
1093 1380 1100 1388 .
1135 1380 1142 1388 .
1176 1380 1183 1387 .
1215 1363 1272 1387 XX
1301 1349 1542 1388 bovatarum
1574 1353 1692 1388 terrae
1726 1347 1834 1400 apud

316 1401 432 1440 West
461 1401 772 1440 Heslertonam3
810 1402 884 1441 xiii
904 1403 940 1441 d.
1001 1403 1105 1441 Item
1143 1403 1194 1441 ad
1222 1403 1331 1442 idem
1359 1403 1468 1455 apud
1496 1403 1750 1451 Broctonam,
1783 1401 1833 1441 de

314 1454 433 1494 feodo
467 1455 666 1494 Johannis
700 1456 814 1507 Payn
843 1487 850 1495 .
885 1487 893 1495 .
925 1458 965 1496 ,4
994 1471 1022 1496 s,
1059 1457 1101 1495 ix
1114 1456 1167 1505 d.,
1189 1456 1239 1496 de
1274 1457 1419 1508 quibus
1454 1470 1526 1496 nos
1558 1457 1833 1509 persolvemus

315 1522 388 1560 pro
416 1523 473 1547 xv
500 1509 658 1549 bovatis
696 1515 813 1549 terrae
851 1510 983 1548 xxxiii
996 1511 1033 1550 d.
1091 1511 1197 1550 Item
1225 1525 1297 1562 pro
1326 1525 1352 1551 v
1381 1511 1538 1551 bovatis
1576 1517 1702 1559 terrae,
1735 1524 1834 1562 quas

314 1563 431 1602 liberi
458 1563 640 1602 homines
669 1564 795 1602 nostri
814 1564 864 1603 de
885 1564 1025 1603 eadem
1044 1569 1195 1612 tenent,
1218 1565 1261 1603 xi
1276 1565 1314 1604 d.
1372 1565 1478 1605 Item
1507 1565 1558 1604 ad
1587 1566 1695 1605 idem
1724 1564 1833 1616 apud

315 1617 514 1668 Kirkeby,
537 1631 608 1669 pro
637 1618 665 1656 ii
694 1618 850 1656 bovatis
884 1623 1011 1667 terrae,
1049 1624 1090 1657 et
1119 1633 1191 1669 pro
1226 1619 1442 1668 bercharia,
1474 1620 1532 1658 xii
1547 1619 1584 1658 d.
1644 1620 1749 1658 Item
1783 1619 1835 1658 ad

315 1672 424 1710 idem
453 1672 559 1722 apud
588 1672 790 1722 Buskeby,
822 1686 895 1724 pro
923 1673 964 1711 vi
993 1673 1148 1711 bovatis
1179 1678 1295 1712 terrae
1327 1674 1376 1712 de
1410 1674 1528 1713 feodo
1558 1673 1752 1712 Willelmi
1783 1673 1834 1712 de

316 1725 591 1777 Hestinghie‚5
610 1726 686 1764 xd.
711 1726 772 1766 ob.
831 1727 935 1765 Item
955 1740 1027 1777 pro
1047 1727 1216 1765 dimidia
1235 1732 1419 1766 carucata
1449 1732 1566 1766 terrae
1599 1728 1760 1774 ibidem,
1784 1727 1834 1766 de

310 1779 434 1826 ,feodo
468 1780 517 1818 de
548 1779 754 1828 Gowtona,
778 1780 885 1819 viid.
943 1781 1047 1819 Item
1082 1781 1132 1819 ad
1161 1781 1268 1820 idem
1296 1782 1405 1833 apud
1434 1781 1700 1830 Carletonam,
1725 1780 1833 1834 [pro]

316 1833 484 1872 dimidia
504 1839 688 1872 carucata
707 1839 822 1873 terrae
842 1834 892 1872 de
912 1835 1030 1873 feodo
1051 1834 1246 1886 Stephani
1267 1835 1315 1874 de
1336 1836 1475 1884 Menil,
1498 1836 1554 1874 vii
1584 1866 1592 1876 .
1623 1865 1632 1874 .
1666 1866 1674 1874 .
1705 1837 1719 1860 ⁶

369 1887 490 1926 Mem.
523 1888 631 1938 quod
659 1888 807 1927 bovata
834 1893 952 1927 terrae
981 1902 1110 1939 quam.
1143 1919 1151 1928 .
1185 1919 1193 1928 .
1225 1921 1232 1928 .
1265 1889 1394 1928 Faber
1422 1889 1471 1928 de
1500 1889 1692 1940 Buskeby
1720 1893 1834 1928 tenet

315 1941 487 1992 ipsemet
507 1942 769 1993 adquietabit.
818 1942 880 1981 De
900 1943 928 1980 ii
948 1943 1140 1982 carucatis
1156 1947 1272 1982 terrae
1289 1949 1329 1982 et
1342 1943 1509 1982 dimidia
1524 1957 1622 1995 quas
1638 1943 1831 1982 habemus

317 1995 369 2033 ad
406 1996 563 2034 firmam
602 1996 651 2034 de
685 1996 739 2035 W
769 2027 776 2035 .
810 2027 818 2035 .
850 2028 857 2035 .
894 1996 944 2035 de
982 1997 1193 2048 Moubray,
1234 2011 1347 2036 xxxv
1363 1997 1626 2037 d.—Summa
1662 1996 1832 2036 totalis⁷

317 2050 368 2088 de
389 2049 580 2101 Buskeby
601 2055 640 2088 et
660 2050 709 2089 de
730 2050 953 2089 Karletona
971 2051 1099 2091 iiii01s.
1123 2052 1165 2089 xi
1181 2051 1216 2090 d.
1241 2057 1283 2090 et
1302 2052 1363 2091 ob.

374 2166 435 2203 31.
458 2175 649 2203 CLXXVII.
673 2164 794 2203 Mem.
814 2165 922 2216 quod
941 2165 1078 2205 Abbas
1099 2171 1140 2205 et
1161 2166 1393 2205 Conventus
1413 2167 1462 2206 de
1483 2167 1676 2218 Ryevalle
1695 2170 1833 2205 tenen-

317 2223 384 2257 tur
404 2218 569 2270 obligati
591 2219 779 2270 Capitulo
800 2219 989 2259 Generali
1016 2221 1058 2258 in
1078 2220 1289 2259 duodecim
1317 2220 1429 2260 libris
1459 2226 1499 2260 et
1528 2221 1665 2260 decem
1695 2220 1832 2260 solidis

319 2272 443 2311 annui
489 2272 684 2320 redditus,
724 2273 925 2312 solvendis
973 2275 1180 2313 annuatim
1228 2275 1336 2325 apud
1374 2275 1613 2314 Cistercium
1650 2280 1832 2326 tempore

320 2325 499 2377 Capituli
531 2326 750 2375 Generalis,
782 2328 910 2378 prima
944 2328 1140 2368 solutione
1174 2329 1389 2380 incipiente
1419 2329 1462 2367 in
1493 2330 1595 2368 festo
1630 2329 1668 2368 S.
1692 2328 1832 2368 Crucis

319 2380 369 2418 A.
391 2380 439 2418 D.
463 2379 524 2418 ΜΟ
543 2386 598 2418 cc⁰
613 2382 871 2432 nonogesimo
899 2382 1082 2431 secundo,
1106 2396 1177 2434 pro
1197 2383 1381 2421 ducentis
1401 2383 1694 2435 quinquaginta
1719 2382 1832 2422 libris

320 2433 615 2485 sterlingorum,
640 2448 736 2485 quas
765 2435 897 2474 dictus
916 2436 1054 2475 Abbas
1084 2443 1124 2475 et
1145 2436 1375 2475 Conventus
1397 2437 1446 2476 de
1467 2437 1661 2488 Ryevalle
1690 2437 1732 2475 in
1761 2450 1834 2476 sua

321 2501 467 2539 magna
485 2487 758 2540 necessi[ta]te
777 2503 800 2527 a
821 2489 928 2529 dicto
949 2490 1137 2541 Capitulo
1157 2496 1395 2541 receperunt
1414 2491 1460 2529 A.
1485 2491 1534 2530 D.
1558 2492 1618 2530 M⁰
1633 2497 1690 2530 cc⁰
1710 2504 1832 2530 nono-

366 2582 376 2600 1
401 2581 560 2613 IVritten
584 2584 671 2615 with
696 2584 823 2616 darker
853 2585 917 2616 ink
948 2586 1035 2618 than
1112 2586 1155 2617 be
1172 2585 1345 2627 certainly
1362 2585 1455 2618 read.

321 2626 383 2657 the
399 2625 605 2657 documents
618 2627 732 2658 which
746 2628 892 2669 precede
909 2629 948 2667 it,
965 2630 1035 2660 and
1155 2628 1168 2648 3
1192 2629 1265 2660 The
1294 2640 1396 2660 name
1426 2629 1455 2661 is
1479 2629 1624 2661 written
1655 2628 1830 2661 Wesche’l‘-

322 2669 359 2699 in
375 2679 395 2700 a
411 2669 514 2700 much
538 2669 628 2701 later
650 2670 756 2710 hand,
775 2671 946 2713 probably
968 2672 1036 2704 due
1113 2672 1189 2710 ten’,
1204 2672 1273 2703 and
1290 2672 1427 2711 should,
1442 2672 1541 2704 there
1554 2673 1583 2704 is
1595 2672 1690 2704 little
1703 2672 1826 2712 doubt,

323 2715 361 2742 to
374 2711 642 2744 thefourteenth
656 2716 813 2755 century.
834 2714 897 2747 See
910 2726 943 2756 p.
962 2717 1033 2754 130,
1113 2715 1156 2747 be
1172 2715 1255 2746 read
1271 2726 1308 2747 as
1325 2716 1361 2746 in
1378 2715 1439 2747 the
1455 2718 1543 2748 text.

321 2758 361 2786 at
377 2755 491 2786 which
508 2756 579 2787 this
602 2756 671 2788 and
694 2757 755 2788 the
772 2760 842 2789 two
858 2758 1037 2800 following
1156 2758 1169 2777 ⁴²
1193 2759 1266 2790 The
1281 2758 1429 2790 number
1444 2759 1473 2790 is
1491 2758 1784 2801 indecipherable.

323 2797 528 2830 documents
541 2810 599 2831 are
611 2800 760 2832 omitted
772 2801 827 2832 for
839 2801 900 2833 the
912 2812 1037 2833 reason
1156 2800 1169 2820 ⁵
1192 2802 1266 2833 The
1295 2801 1441 2843 reading
1467 2802 1496 2834 is
1534 2803 1729 2841 uncertain,
1763 2802 1828 2834 but

323 2841 422 2872 there
438 2842 553 2882 given.
1114 2844 1175 2875 the
1201 2855 1301 2876 name
1325 2845 1354 2876 is
1378 2845 1475 2877 Will.
1496 2845 1539 2877 de
1563 2846 1763 2888 Hestiuges,
1789 2855 1830 2877 οι·

366 2883 379 2902 ²
402 2884 514 2916 There
538 2885 567 2916 is
590 2896 634 2917 an
658 2896 797 2918 erasure
820 2886 902 2918 here
918 2887 1035 2919 which
1113 2887 1313 2929 Hastinges.

322 2926 384 2974 lias
401 2926 488 2958 been
505 2929 648 2960 written
664 2940 756 2969 over,
775 2930 845 2962 and
862 2931 922 2962 the
939 2931 1034 2962 writ-
1155 2930 1168 2949 ‘⁵
1191 2930 1362 2972 Illegible.
1412 2930 1589 2973 Probably
1605 2931 1637 2964 a’.

321 2979 382 3010 mg
398 2970 427 3001 is
451 2973 702 3014 consequently
719 2975 778 3005 too
795 2973 980 3006 indistinct
998 2977 1035 3006 to
1155 2973 1168 2992 Τ
1196 2974 1347 3005 Toualz's.
