2033 3242
72 461 132 502 M.
156 460 243 501 xlii.

71 575 131 616 M.
155 575 276 617 xliiii.

67 1369 120 1410 N.
143 1371 170 1411 i.

67 1445 121 1485 N.
144 1444 186 1485 ii.

65 1681 178 1738 [72¹³]

71 1773 166 1815 O.i

69 1889 117 1931 O.
140 1903 178 1930 ν.

127 2121 174 2175 [f.
200 2121 274 2176 53]

1508 260 1529 295 10

1538 259 1588 296 Ξῖ

513 265 827 296 CARTULARIUM
847 265 1153 296 RIEVALLENSE.

708 371 954 412 THEsnALE.

325 460 454 502 Carta
472 461 682 501 Bernardi
702 461 852 502 F111011
875 461 926 502 de
947 461 1086 502 tribus
1107 460 1215 502 acris
1235 464 1357 502 terrae
1379 466 1421 502 et
1453 461 1591 502 tribus

379 518 494 559 rodis
515 519 561 559 in
582 519 808 560 Midelton.

324 575 452 617 Carta
474 577 592 617 Gode
613 578 757 618 uxoris
789 576 996 618 Bernardi
1017 575 1146 617 Fillol
1177 575 1228 617 de
1259 575 1488 617 donatione
1511 576 1592 617 viri

380 634 449 675 sui
468 634 515 674 in
535 635 585 674 M
589 635 760 676 idelton.

725 766 937 808 COUSEBY.

331 857 459 898 Carta
508 858 685 899 Roberti
735 858 787 899 de
834 857 1062 899 Stuteville
1113 857 1165 898 de
1215 857 1314 897 iiii0r
1361 858 1591 898 carrucatis

380 919 503 1013 tlgrrae
535 916 815 1014 dekCouseby
846 920 890 957 et
920 915 973 956 de
1011 928 1098 956 una
1131 918 1350 956 carrucata
1388 920 1508 956 terrae
1544 916 1589 955 in

323 987 693 1072 Cartgpzllibllelmi
723 1031 776 1072 de
807 1030 1013 1072 Stutavill
1040 1030 1092 1071 de
1124 1030 1319 1085 Couseby
1341 1034 1384 1071 et
1414 1030 1465 1071 de
1497 1031 1590 1084 qui-

379 1089 561 1130 busdam
601 1089 824 1143 particulis
864 1092 986 1129 terrae
1031 1089 1275 1142 jacentibus
1317 1088 1433 1128 ultra
1473 1089 1589 1128 viam

379 1147 599 1201 publicam
620 1147 671 1188 de
693 1147 910 1187 Heskaith
932 1151 974 1187 et
994 1151 1131 1187 metas
1153 1146 1204 1187 de
1227 1145 1422 1199 Bolteby.

691 1279 968 1319 HESKMTHE.

322 1369 450 1411 Carta
472 1369 634 1411 Odonis
656 1369 708 1410 de
730 1369 957 1410 donatione
979 1368 1030 1409 de
1053 1368 1281 1410 Heskaith.

323 1444 451 1485 Carta
470 1444 578 1484 Adae
610 1444 661 1485 de
694 1443 879 1498 Bolteby
901 1444 953 1484 de
983 1447 1095 1484 terra
1120 1443 1324 1497 ejusdem,
1346 1447 1389 1484 et
1419 1443 1472 1484 de
1493 1456 1589 1496 pas-

377 1507 473 1543 tura
500 1502 552 1542 de
583 1502 885 1556 Ravensthorp
917 1505 960 1542 et
990 1501 1168 1555 Thrilby
1191 1502 1245 1542 ad
1277 1515 1372 1543 6666
1403 1514 1515 1549 oves,
1546 1507 1588 1541 et

378 1559 462 1601 alia
482 1560 694 1600 animalia.

715 1684 929 1726 ANGRUM.

324 1773 453 1816 Carta
475 1773 722 1828 G[ssberti]2
741 1773 973 1814 Haunsard
995 1773 1047 1814 de
1074 1777 1166 1814 tota
1186 1772 1291 1813 villa
1313 1772 1364 1813 de
1385 1773 1588 1827 Angram,

377 1836 420 1873 et
440 1831 574 1873 libero
595 1832 780 1873 transitu
801 1845 876 1885 per
895 1836 1053 1872 terram
1073 1831 1126 1871 de
1147 1831 1399 1884 lVelleberg.

321 1890 449 1932 Carta
469 1890 668 1944 Hugonis
690 1890 769 1929 filii
789 1889 1009 1943 Radulphi
1031 1889 1083 1930 (16
1110 1889 1346 1943 Huckerby
1368 1889 1419 1929 de
1441 1887 1473 1927 ii
1494 1888 1586 1928 bov.

377 1952 499 1989 terrae
521 1949 567 1988 in
587 1948 785 2002 Angrum
806 1961 900 2002 quae
922 1948 1098 1988 fuerunt
1120 1947 1317 1987 Gaufridi
1343 1945 1588 1987 Haunsard.

324 2122 362 2162 E
383 2122 526 2163 codice
547 2122 640 2163 MS.
662 2122 908 2176 pergameni
928 2134 1059 2175 penes
1080 2120 1397 2162 nobilissimum
1417 2121 1586 2162 Duceni

60 2179 112 2220 de
133 2179 339 2229 Rutland,
364 2182 484 2220 1730.

129 2241 162 2277 1.
206 2237 430 2278 Cartarum
461 2237 802 2291 Rywallensium
843 2236 1171 2286 intitulationes,
1213 2236 1449 2278 secundum
1480 2249 1586 2289 quas

60 2295 208 2349 jacent
229 2295 275 2335 in
296 2295 532 2343 armariolo,
562 2299 612 2335 ut
643 2295 810 2336 facilius
841 2295 1026 2336 inveniri
1056 2294 1254 2348 poterint,
1286 2308 1384 2335 cum
1415 2307 1586 2335 necesse

64 2353 206 2402 fuerit,
228 2352 376 2394 ordine
397 2353 665 2407 alphabetico
687 2353 934 2394 distributae.
997 2353 1253 2407 Quicunque
1275 2357 1420 2393 autem
1441 2365 1587 2393 earum

68 2410 259 2465 aliquam
280 2424 305 2452 a
326 2424 402 2452 suo
424 2411 551 2452 titulo
573 2411 823 2451 alienaverit
844 2410 1073 2452 anathema
1093 2411 1158 2451 sit.

62 2535 174 2590 [MS.
197 2534 267 2577 fol.
289 2534 338 2589 ia]
620 2534 654 2575 I.
689 2534 850 2575 CARTAE
872 2534 1047 2575 REGUM.

95 2630 130 2669 1.
163 2626 293 2668 Carta
309 2626 490 2667 Henrici
503 2626 631 2680 Regis
646 2625 832 2667 Senioris
846 2625 897 2666 (16
912 2626 1109 2666 omnibus
1123 2638 1217 2679 pos-

208 2684 469 2725 sessionibus
487 2689 530 2725 et
541 2684 813 2725 libertatibus
827 2683 1182 2738 Rywallensibus,
1290 2683 1342 2722 A.
1365 2681 1390 2721 i.

106 2798 119 2818 ¹
142 2798 228 2831 This
247 2810 350 2831 name
374 2800 404 2831 is
427 2809 466 2831 so
489 2798 623 2841 plainly
640 2799 784 2830 written
861 2797 922 2830 the
935 2798 1144 2840 succeeding
1160 2802 1263 2838 entry
1276 2795 1470 2828 (iaufridus
1487 2795 1582 2826 Han-

63 2842 101 2874 in
116 2842 203 2874 both
219 2843 292 2874 this
308 2846 413 2884 entry
430 2843 501 2874 and
516 2842 578 2874 the
594 2845 681 2874 next
705 2842 785 2874 that
860 2841 942 2873 sard
958 2842 987 2874 is
1003 2841 1141 2873 named.
1190 2839 1379 2880 Probably,
1406 2839 1579 2875 however,

62 2896 109 2919 no
124 2886 276 2918 mistake
292 2896 403 2918 seems
419 2885 638 2928 supposable.
860 2885 921 2916 the
939 2888 1081 2927 present
1097 2884 1287 2926 expansion
1304 2883 1333 2915 is
1350 2887 1387 2914 to
1412 2882 1454 2914 be
1477 2881 1580 2923 justi-

105 2929 118 2948 ²
141 2929 176 2962 It
206 2929 334 2962 should
364 2929 408 2961 be
434 2928 604 2961 observed
635 2928 715 2960 that
746 2927 782 2959 in
857 2927 936 2961 fied.
