2033 3242
413 303 495 341 384
849 310 1164 342 CARTULARIUM
1184 311 1427 341 RIEVALLEN
1432 312 1492 342 SE.

408 415 516 454 viam
537 429 615 466 qua
631 414 749 469 [itur]
770 414 820 454 de
841 414 981 454 eadem
995 414 1174 453 bercaria
1201 413 1251 452 ad
1271 413 1408 453 villam
1427 414 1477 453 de
1498 414 1727 466 Sproxtona
1747 430 1797 456 ex
1816 421 1929 468 parte

408 468 929 520 aquilonali—Habendum
949 468 1079 507 eidem
1099 468 1251 507 Abbati
1271 472 1313 506 et
1332 470 1622 508 successoribus
1643 471 1724 509 suis
1745 476 1785 510 et
1799 471 1932 510 Eccle-

408 524 476 562 siae
510 524 549 562 S.
585 523 725 562 Mariae
757 523 808 561 de
841 522 1021 561 Rievalle
1055 522 1097 560 in
1127 553 1134 560 .
1169 553 1176 561 .
1209 552 1217 561 .
1249 521 1504 561 elemosinam
1533 524 1710 575 quietam
1740 525 1790 564 ab
1819 525 1928 564 omni

408 577 586 616 saeculari
605 577 769 616 servitio
790 581 830 616 et
850 576 1070 616 exactione.
1128 576 1181 614 Et
1200 576 1415 627 praedictus
1434 576 1630 616 Ricardus
1650 578 1884 633 [warranty]

462 701 524 738 50.
550 697 672 751 [Add.
687 697 788 745 MS„
803 697 878 737 No.
900 699 1064 746 12,269;
1083 696 1236 735 British
1252 697 1460 736 Museum:
1482 697 1508 737 f.
1526 700 1615 746 275,
1634 701 1681 737 12
1699 699 1822 739 Henr.
1842 701 1928 754 HL]

405 752 545 791 Assisa
573 752 686 790 venit
714 752 968 803 recognitura
987 751 1020 790 si
1050 751 1138 790 Odo
1178 751 1283 789 filius
1307 751 1513 801 Torphini,
1545 753 1764 792 avunculus
1792 754 1927 794 Matil-

405 806 497 845 lidis
510 806 601 844 filiae
617 805 862 854 Cassandrae,
886 806 1044 844 seisitus
1061 810 1133 844 etc.
1157 805 1206 844 de
1219 818 1299 844 uno
1314 805 1556 854 molendino,
1574 806 1616 845 iv
1627 807 1783 847 bovatis
1795 813 1922 857 terrae,

406 874 497 899 cum
530 859 800 912 pertinenciis,
836 860 878 898 in
908 859 1144 910 Alvesteyn,
1180 859 1288 897 unde
1316 858 1521 898 Walterus
1555 859 1593 899 le
1627 860 1779 913 Savage
1812 868 1925 902 tenet

405 919 682 953 tenementum
695 915 709 938 1
731 919 772 953 et
786 914 959 952 Thomas
980 914 1030 952 de
1047 913 1265 963 Hastinges
1285 944 1294 952 .
1315 943 1323 952 .
1347 913 1378 952 .2
1438 913 1517 961 Qui
1532 914 1645 952 venit
1664 919 1705 953 et
1718 916 1819 955 bene
1839 930 1924 968 cog—

405 969 534 1007 noscit
554 968 661 1019 quod
683 968 771 1007 Odo
801 968 901 1007 obiit
921 968 1089 1015 seisitus,
1113 972 1175 1006 set
1194 967 1292 1005 dicit
1321 966 1430 1018 quod
1449 968 1534 1018 ipse
1547 968 1562 992 3
1590 981 1671 1006 11011
1692 969 1812 1008 debet
1829 970 1924 1010 inde

404 1023 656 1074 respondere,
668 1022 761 1073 quia
772 1022 986 1073 praedictus
1000 1021 1088 1060 Odo
1102 1021 1244 1060 habuit
1258 1021 1471 1072 quemdam
1484 1021 1650 1060 fratrem
1663 1027 1921 1073 post-natum,

404 1077 666 1128 Radulphum
692 1077 864 1124 nomine,
897 1076 966 1127 qui
994 1076 1125 1114 adhuc
1154 1075 1268 1122 vivit,
1299 1080 1340 1114 et
1367 1075 1458 1114 ideo
1487 1089 1568 1114 non
1587 1076 1677 1114 vult
1705 1076 1741 1115 ei
1767 1091 1925 1128 respon-

405 1130 499 1169 dere
532 1131 610 1169 nisi
644 1135 717 1169 etc.
789 1130 842 1169 Et
866 1130 1050 1169 Matildis
1083 1130 1183 1168 dicit
1216 1129 1324 1180 quod
1356 1142 1496 1168 revera
1525 1129 1634 1168 idem
1663 1130 1752 1170 Odo
1782 1131 1924 1171 habuit

405 1185 619 1236 quemdam
656 1184 834 1232 fratrem,
872 1189 912 1223 et
950 1184 1058 1235 quod
1091 1184 1195 1222 vivit
1211 1200 1221 1233 3
1256 1188 1317 1221 set
1350 1183 1449 1221 dicit
1482 1184 1590 1234 quod
1625 1198 1705 1222 non
1736 1184 1857 1224 debet
1886 1187 1923 1225 ei

403 1252 555 1288 nocere,
588 1238 681 1290 quia
711 1239 795 1289 ipse
827 1238 918 1277 talis
953 1243 1014 1277 est
1047 1237 1156 1289 quod
1185 1250 1266 1276 non
1304 1242 1439 1288 potest
1467 1237 1744 1277 haereditatem
1774 1244 1922 1290 petere,

404 1293 498 1344 quia
516 1293 601 1344 ipse
622 1305 757 1331 amens
778 1297 838 1331 est
859 1297 900 1331 et
919 1297 1034 1330 extra
1055 1305 1238 1331 sensum:
1268 1291 1326 1329 ita
1345 1290 1454 1341 quod
1473 1305 1545 1342 per
1564 1293 1780 1331 amentiam
1809 1307 1923 1332 suam

404 1347 549 1386 occidit
587 1346 802 1398 quemdam
839 1346 1054 1394 hominem,
1092 1351 1133 1385 et
1165 1345 1278 1384 venit
1311 1359 1443 1383 coram
1476 1345 1733 1397 Justiciffl‘iis,
1765 1352 1807 1386 et
1837 1361 1924 1399 cog-

403 1401 518 1440 novit
534 1401 642 1451 quod
663 1414 753 1439 eum
775 1400 973 1439 occiderat
990 1415 1001 1449 3
1030 1405 1071 1438 et
1090 1400 1180 1438 ideo
1192 1400 1296 1450 petit
1315 1399 1511 1450 judicium
1532 1400 1564 1438 si
1577 1399 1723 1439 debeat
1737 1401 1922 1440 amittere

403 1455 682 1494 haereditatem
719 1468 844 1503 suam,
876 1455 969 1505 quia
999 1454 1108 1492 idem
1136 1453 1375 1504 Radulphus
1405 1458 1465 1491 est
1498 1454 1540 1492 in
1571 1454 1744 1505 prisona,
1776 1459 1817 1494 et
1846 1456 1922 1495 erit

401 1509 685 1560 inperpetuum
718 1508 910 1559 quamdiu
935 1508 1094 1555 vixerit,
1125 1521 1197 1558 per
1225 1512 1469 1558 praeceptum
1498 1507 1821 1547 Justiciariorum
1849 1523 1922 1560 pro

401 1568 530 1602 morte
558 1563 636 1602 illa.
695 1562 748 1601 Et
769 1562 971 1601 Walterus
992 1562 1091 1600 dicit
1114 1561 1222 1612 quod
1250 1561 1358 1599 idem
1377 1561 1588 1610 Radulfus,
1610 1562 1736 1601 frater
1756 1563 1923 1611 Odonis,

402 1631 539 1656 amens
568 1622 629 1656 est
658 1621 699 1656 et
727 1617 828 1656 bene
856 1621 991 1667 potest
1022 1629 1106 1655 esse
1135 1615 1243 1666 quod
1267 1615 1471 1654 hominem
1501 1615 1615 1654 illum
1644 1617 1854 1656 occidisset
1882 1624 1924 1656 et

402 1671 511 1722 quod
530 1675 701 1710 mortem
721 1670 982 1722 cognovisset.
1037 1669 1107 1708 Set
1128 1669 1227 1707 dicit
1247 1669 1354 1719 quod
1374 1669 1448 1708 hoc
1468 1683 1549 1708 non
1569 1669 1690 1709 debet
1710 1671 1746 1709 ei
1765 1685 1918 1720 nocere,

402 1730 443 1764 et
470 1726 571 1764 bene
591 1725 695 1777 petit
722 1724 917 1776 judicium
938 1724 971 1762 si
990 1723 1134 1762 debeat
1153 1723 1195 1760 in
1216 1723 1300 1761 vita
1328 1723 1452 1773 ipsius
1471 1723 1634 1762 Radulfi
1662 1725 1738 1775 ipsi
1757 1725 1924 1765 Matildi

402 1779 655 1831 respondere.
727 1779 858 1817 Datus
888 1783 950 1818 est
980 1777 1064 1816 dies
1094 1777 1144 1815 de
1175 1776 1375 1815 audiendo
1403 1777 1554 1827 judicio
1583 1791 1654 1817 suo
1684 1783 1757 1818 etc.
1817 1779 1921 1828 Quia

400 1833 605 1873 Walterus
625 1833 814 1884 cognovit
833 1832 967 1871 omnia
986 1835 1176 1870 contenta
1196 1831 1237 1868 in
1257 1830 1371 1869 brevi
1391 1835 1463 1870 etc.

443 1980 505 2019 51.
538 1978 757 2033 [Excerpta
777 1992 797 2018 e
820 1978 977 2020 Rotulis
997 1977 1169 2025 Finium,
1192 1977 1215 2014 i.
1242 1978 1329 2022 169,
1355 1975 1489 2028 1228]
1546 1975 1627 2014 Pro
1646 1976 1806 2016 Abbate
1827 1978 1876 2017 de

658 2033 827 2082 Rivalle,
848 2032 898 2071 de
919 2032 1057 2083 quieta
1077 2030 1293 2069 clamancia
1312 2030 1479 2068 Roberti
1498 2029 1548 2069 de
1567 2030 1661 2070 1105.

454 2111 682 2151 Willelmus
710 2111 760 2150 de
788 2110 870 2150 Ros
901 2115 942 2150 et
960 2110 1161 2149 Robertus
1189 2108 1314 2147 frater
1343 2108 1440 2158 ejus,
1464 2108 1535 2146 filii
1554 2108 1723 2148 Roberti
1752 2110 1802 2148 de
1821 2110 1917 2157 Ros,

401 2166 583 2217 quietum
625 2166 900 2204 clamaverunt
937 2164 1138 2203 Abbatem
1177 2167 1217 2201 et
1254 2161 1474 2200 Monaehos
1513 2161 1563 2201 de
1602 2162 1758 2202 Rivalle
1797 2178 1917 2216 super

400 2220 537 2259 debito
567 2219 675 2270 quod
703 2220 753 2258 ab
774 2220 830 2258 eis
850 2219 1066 2270 exigebant
1085 2217 1245 2255 nomine
1275 2215 1454 2267 praedicti
1481 2216 1660 2265 Robcrti,
1690 2218 1815 2268 patris
1842 2220 1913 2267 sui,

400 2287 473 2325 pro
501 2274 685 2312 ducentis
705 2273 778 2312 etl
798 2273 939 2312 marcis
964 2271 1180 2311 reddendis
1209 2269 1487 2309 executoribus
1515 2270 1640 2320 ipsius
1670 2272 1836 2311 Roberti
1864 2273 1915 2312 ad

401 2332 529 2366 certos
559 2328 761 2366 terminos.
821 2327 875 2366 Et
902 2326 1138 2365 mandatum
1167 2330 1227 2363 est
1246 2324 1484 2362 Vicecomiti
1511 2324 1629 2364 Ebor.
1662 2325 1780 2376 quod,
1811 2340 1916 2365 occa-

400 2381 510 2420 sione
530 2381 717 2432 praecepti
726 2381 893 2428 Domini
908 2380 1041 2431 Regis,
1065 2378 1172 2430 quod
1193 2377 1288 2416 alias
1309 2378 1345 2416 ei
1364 2378 1460 2416 fecit
1480 2377 1529 2417 de
1548 2379 1739 2429 praedicto
1754 2379 1913 2419 Abbate

400 2448 472 2486 pro
492 2435 682 2486 praedicto
702 2435 839 2474 debito
869 2433 1157 2485 distringendo,
1178 2432 1310 2483 ipsum
1331 2431 1380 2470 de
1410 2436 1551 2470 caetero
1574 2446 1656 2471 non
1685 2433 1910 2486 distringat.

401 2489 503 2537 Quia
521 2489 690 2528 debetur
711 2488 794 2542 [sic]
815 2489 923 2539 quod
943 2488 1050 2527 idem
1070 2487 1271 2525 Robertus
1291 2485 1341 2524 de
1360 2485 1442 2524 Ros
1462 2485 1637 2526 Domino
1652 2487 1754 2539 Regi
1773 2487 1913 2527 debuit

398 2542 598 2582 Dominus
626 2543 715 2581 Rex
744 2543 850 2594 cepit
878 2543 929 2581 ad
958 2542 1084 2580 filium
1114 2545 1155 2579 et
1173 2539 1372 2578 haeredem
1401 2553 1526 2579 suum.
1577 2540 1622 2580 T.
1667 2541 1776 2592 Rege
1804 2542 1911 2594 apud

399 2597 603 2648 Radinges
622 2596 783 2650 xxx[¹¹¹⁰]
804 2597 869 2636 die
889 2596 1040 2635 Martii.

441 2717 452 2736 1
477 2717 561 2749 This
576 2717 606 2749 is
622 2729 643 2749 a
658 2717 903 2759 hypothetical
926 2716 1117 2758 expansion
1193 2713 1223 2745 it
1238 2712 1267 2744 is
1285 2712 1434 2745 difficult
1450 2716 1486 2745 to
1503 2716 1646 2756 suggest
1661 2725 1731 2757 any
1748 2716 1909 2757 explana-

397 2761 491 2802 only.
551 2761 624 2792 The
655 2761 797 2802 writing
827 2771 974 2802 appears
1004 2762 1042 2791 to
1072 2759 1114 2791 be
1190 2757 1277 2789 tion.

398 2807 516 2836 meant
540 2803 594 2835 for
619 2808 665 2836 tm
682 2815 692 2840 ,·
715 2804 780 2836 but
804 2804 834 2835 it
860 2804 889 2835 is
917 2803 1114 2845 altogether
1234 2799 1247 2818 ²⁵
1271 2799 1355 2831 This
1386 2800 1414 2831 is
1442 2800 1585 2832 written
1617 2801 1704 2842 ipsa,
1733 2801 1846 2832 which
1878 2802 1907 2833 is

398 2847 591 2879 uncertain,
1191 2842 1394 2884 manifestly
1405 2854 1534 2886 wrong.
1571 2844 1709 2876 Walter
1726 2844 1757 2876 le
1773 2844 1907 2886 Savage

1191 2886 1220 2917 is
1243 2886 1304 2917 the
1328 2886 1550 2927 respondent,
1576 2887 1645 2918 and
1668 2888 1698 2919 is
1721 2887 1844 2919 named
1869 2899 1908 2919 as

441 2925 452 2943 2
473 2925 535 2956 All
551 2924 632 2957 that
655 2936 719 2957 can
734 2925 777 2957 be
795 2924 895 2957 made
911 2928 974 2957 out
989 2925 1070 2957 here
1085 2926 1113 2957 is
1190 2929 1275 2960 such
1299 2928 1335 2960 in
1358 2929 1418 2961 the
1442 2929 1533 2962 after
1556 2934 1637 2972 part
1660 2930 1697 2961 of
1720 2931 1779 2962 the
1803 2930 1905 2962 docu-

397 2968 493 3000 what
509 2979 618 3000 seems
642 2972 678 3000 to
695 2969 737 3000 be
753 2968 814 3000 the
831 2968 953 3001 letters
971 2979 1026 3007 an,
1043 2970 1112 3001 and
1190 2975 1296 3003 ment.
