2033 3242
387 246 468 283 394
822 256 1134 286 GARTULARIUM
1156 256 1458 285 11113VALLENSE.

385 357 437 396 ΑΟ
456 371 484 396 r.
509 359 557 397 R.
579 359 703 397 Henr.
726 370 786 398 ΙΙΙ.
810 359 1021 406 tricesimo,
1044 358 1188 397 Coram
1217 359 1392 397 Henrico
1412 359 1460 397 de
1481 359 1681 398 Bathonia
1706 363 1747 397 et
1765 358 1897 396 Alano

384 412 433 450 de
454 411 663 461 Watsand,
685 413 929 452 Justiciariis
959 444 966 451 .
1001 444 1008 451 .
1040 444 1046 452 .
1080 413 1194 451 Inter
1213 413 1355 461 Adam,
1379 414 1580 452 Abbatem
1609 413 1658 451 de
1688 411 1894 463 Ryevalle,

384 472 630 516 querentem,
654 481 724 518 per
744 467 875 505 Adam
904 467 953 505 de
979 467 1241 514 Torrentona‚
1263 467 1439 517 positum
1469 497 1477 505 .
1510 497 1518 506 .
1549 498 1557 506 .
1589 473 1629 506 et
1652 466 1898 517 Willelmum

385 520 434 558 de
455 520 575 571 Grey,
592 521 888 571 impedientem,
906 521 956 559 de
976 521 1154 559 manerio
1174 521 1223 559 de
1243 521 1429 559 Foxtona
1457 552 1464 559 .
1499 551 1506 559 .
1538 552 1545 560 .
1577 521 1685 559 unde
1705 521 1897 572 placitum

384 577 587 612 warantiae
609 582 726 613 cartae
746 575 1036 613 summonitum
1056 575 1135 613 fuit
1163 575 1269 613 inter
1297 588 1363 613 eos
1392 575 1434 612 in
1463 574 1598 613 eadem
1622 574 1897 621 Curia-scil„

385 627 492 678 quod
515 629 725 679 praedictus
740 628 964 667 Willelrnus
976 630 1211 679 recognovit
1225 629 1460 679 praedictum
1479 629 1700 667 manerium
1721 660 1728 668 .
1750 659 1758 667 .
1782 659 1789 667 .
1814 642 1898 667 6886

384 682 448 731 jus
469 682 590 732 ipsius
605 682 777 721 Abbatis
798 688 844 721 ut
862 683 963 722 illud
983 683 1090 733 quod
1106 683 1212 721 idem
1227 683 1363 721 Abbas
1379 689 1420 721 et
1435 683 1608 721 Ecclesia
1623 697 1694 721 sua
1709 683 1902 733 praedicta

386 736 525 774 habuit
554 736 603 774 de
630 736 666 774 d
674 750 736 775 ›no
756 737 936 787 praedicti
958 737 1204 775 Willelmi—
1208 736 1451 775 Habendum
1480 766 1488 774 .
1519 767 1527 775 .
1561 768 1568 775 .
1600 737 1730 775 eidem
1750 736 1901 775 Abbati

502 821 508 828 .
560 789 609 828 de
645 791 835 841 praedicto
875 791 1077 829 Willelmo
1113 797 1154 830 et
1182 791 1407 829 hae1edibus
1437 791 1519 829 suis
1548 791 1900 842 impe1petuum—

386 843 481 881 Red‹
486 843 608 882 lendo
628 845 721 883 inde
743 859 812 896 per
831 859 982 883 annum
1000 846 1029 883 ii
1049 845 1196 883 solidos
1217 845 1267 883 1·(1
1289 845 1460 883 mediam
1477 844 1841 895 Quadlagesimam,
1859 849 1901 883 et

385 897 523 936 facien
532 898 568 936 10
597 899 691 937 111(16
720 899 961 938 forinsecum
982 899 1190 938 servitium
1211 899 1318 949 quod
1340 899 1391 937 ad
1412 899 1647 949 praedictum
1675 899 1899 937 manerium

385 952 571 1002 pertinet,
589 966 660 1003 pto
676 954 783 991 omni
800 954 963 992 servitio
994 984 1002 992 .
1033 984 1040 992 .
1078 984 1085 991 .
1126 953 1178 991 Et
1195 953 1408 1004 piaedictus
1425 953 1650 991 VVillelmus
1667 957 1708 990 et
1722 952 1901 991 haeredes

386 1005 447 1044 sui
478 1004 708 1059 [warranty]
768 1008 821 1045 Et
851 1021 922 1059 pro
951 1007 1024 1046 hac
1053 1008 1336 1058 recognitione,
1366 1013 1453 1054 ete,
1482 1006 1589 1045 idem
1620 1007 1756 1045 Abbas
1787 1006 1901 1044 dedit

385 1060 575 1110 praedicto
602 1061 800 1099 Willelmo
821 1067 983 1100 centum
1003 1075 1155 1100 marcas
1174 1061 1340 1112 argenti.
1401 1061 1455 1098 Et
1483 1060 1689 1099 sciendum
1709 1066 1769 1098 est
1793 1060 1901 1111 quod

386 1113 533 1164 Agnes,
565 1127 668 1152 uxor
698 1116 877 1165 praedicti
910 1115 1112 1163 willelmi,
1144 1129 1317 1166 praesens
1346 1114 1426 1153 fuit
1455 1115 1496 1152 in
1526 1114 1665 1153 eadem
1699 1114 1829 1162 Curia,
1860 1118 1901 1153 et

385 1168 541 1205 remisit
574 1176 615 1206 et
649 1171 830 1219 quietum
865 1170 1052 1208 clamavit
1085 1170 1134 1208 de
1169 1183 1210 1208 se
1243 1169 1434 1220 praedicto
1468 1169 1618 1207 Abbati
1647 1200 1654 1208 .
1686 1200 1694 1207 .
1729 1200 1736 1207 .
1769 1173 1901 1207 totum

385 1221 449 1271 jus
488 1230 529 1260 et
567 1222 754 1261 clamium
789 1224 897 1274 quod
931 1224 1073 1263 habuit
1102 1224 1144 1262 in
1177 1223 1370 1275 praedicto
1399 1223 1576 1261 manerio
1609 1254 1618 1261 .
1647 1254 1655 1261 .
1688 1253 1710 1270 .,
1741 1222 1902 1261 nomine

385 1275 502 1324 dotis,
526 1277 831 1327 imperpetuum.

442 1393 504 1431 68.
544 1392 659 1445 [Feet
687 1394 728 1431 of
757 1394 884 1433 Fines.
947 1397 1065 1433 25-30
1094 1394 1217 1433 Henr.
1251 1404 1313 1433 ΙΙΙ.
1346 1393 1500 1447 [1246]‚
1531 1393 1608 1432 No.
1642 1392 1750 1446 286]
1805 1392 1904 1431 Haec

386 1450 447 1483 est
477 1476 484 1484 .
517 1477 525 1485 .
557 1478 564 1485 .
598 1447 704 1497 apud
726 1447 907 1495 NVestm„
931 1462 953 1487 a
973 1448 1037 1487 die
1058 1448 1095 1487 S.
1119 1448 1329 1487 Michaelis
1358 1449 1399 1486 in
1430 1447 1660 1499 quindecim
1680 1447 1775 1495 dies,
1798 1447 1852 1484 Αο
1871 1460 1900 1485 r.

388 1500 434 1538 R.
457 1499 580 1538 Henr.
604 1502 814 1550 tricesimo,
838 1502 983 1541 Coram
1013 1503 1189 1540 Henrico
1219 1503 1269 1541 (16
1299 1503 1469 1540 Batonia
1493 1508 1534 1540 et
1562 1502 1693 1540 Alano
1714 1501 1763 1539 de
1783 1501 1904 1539 Wad-

387 1553 498 1600 sand,
530 1554 773 1594 Justiciariis
815 1587 822 1594 .
871 1588 878 1596 .
924 1587 931 1595 .
978 1556 1092 1595 Inter
1124 1557 1324 1595 Abbatem
1359 1557 1408 1594 (16
1439 1556 1618 1607 Ryvalle,
1655 1561 1902 1605 querentem,

388 1621 458 1657 per
486 1608 619 1647 Adam
648 1610 697 1648 de
727 1610 959 1648 Torentona
986 1611 1160 1661 positum
1191 1641 1199 1649 .
1231 1641 1238 1649 .
1273 1641 1280 1649 .
1313 1615 1353 1648 et
1374 1610 1623 1648 VVillehnum
1652 1610 1701 1648 de
1732 1609 1842 1660 Grey
1862 1615 1903 1647 et

387 1662 628 1712 Angnetem,
651 1677 819 1702 uxorem
839 1665 937 1715 ejus,
961 1664 1236 1712 deforciantes,
1260 1664 1309 1702 de
1329 1664 1516 1703 maneriis
1536 1664 1585 1702 de
1606 1662 1904 1714 Reydhesdalle

388 1721 429 1753 et
455 1716 646 1768 Buskeby
676 1748 684 1755 .
717 1749 724 1756 .
757 1749 764 1757 .
797 1724 838 1756 et
867 1719 974 1757 unde
1003 1719 1196 1769 placitum
1217 1718 1492 1757 conventionis
1518 1718 1805 1755 summonitum
1826 1717 1906 1755 fuit

388 1770 493 1808 inter
513 1784 578 1809 608
599 1771 639 1809 111
660 1772 799 1810 eadem
815 1772 1086 1820 Curia—scil„
1110 1772 1217 1822 quod
1238 1772 1418 1823 praedicti
1433 1771 1659 1810 NVillelmus
1680 1776 1721 1809 et
1739 1771 1905 1822 Angues

387 1824 627 1863 dimiserunt
655 1856 663 1864 .
698 1857 705 1864 .
737 1858 744 1865 .
777 1827 969 1877 praedicto
993 1827 1143 1865 Abbati
1167 1826 1358 1876 praedicta
1377 1826 1555 1864 maneria
1584 1857 1590 1863 .
1625 1855 1631 1863 .
1666 1856 1674 1864 .
1706 1824 1906 1864 Habenda

473 1910 479 1917 .
512 1879 641 1917 eidem
670 1880 821 1918 Abbati
850 1912 858 1919 .
892 1912 899 1920 .
933 1911 940 1919 .
973 1881 1030 1919 ita
1063 1881 1218 1931 integre
1251 1881 1294 1918 in
1324 1881 1507 1918 omnibus
1541 1880 1658 1917 rebus
1693 1879 1795 1917 sicut
1827 1879 1904 1929 ipsi

388 1932 615 1972 Willelmus
644 1940 684 1972 et
703 1934 868 1985 Angnes
897 1934 966 1973 illa
995 1935 1104 1986 prius
1128 1940 1357 1981 tenuerunt,
1381 1934 1542 1972 nomine
1563 1933 1669 1971 dotis
1689 1933 1738 1971 de
1761 1931 1903 1985 [blank]

388 1992 475 2025 tota
504 1988 589 2025 vita
622 1988 746 2038 ipsius
780 1988 989 2039 Angnetis,
1027 1988 1250 2027 Reddendo
1289 1988 1381 2026 inde
1415 2001 1487 2038 per
1520 2001 1671 2026 annum
1703 1987 1906 2038 praedictis

389 2040 592 2080 Willelmo
631 2048 671 2080 et
710 2043 901 2093 Angneti,
940 2043 1004 2081 vel
1042 2057 1179 2082 eorum
1217 2043 1361 2081 nuntio
1400 2041 1555 2080 litteras
1593 2054 1683 2080 suas
1722 2045 1906 2092 patentes

390 2094 598 2143 deferenti,
621 2096 663 2133 xl
692 2096 812 2135 libras
841 2097 1127 2148 sterlingorum
1157 2097 1198 2134 in
1227 2097 1399 2135 crastino
1428 2095 1716 2147 Apostolorum
1735 2095 1848 2133 Petri
1868 2099 1908 2134 et

391 2149 516 2196 Pauli,
534 2149 583 2187 ad
599 2149 764 2188 domum
779 2151 959 2201 praedicti
972 2151 1144 2189 Abbatis
1159 2151 1201 2188 in
1217 2151 1313 2189 villa
1328 2150 1366 2189 S.
1384 2149 1547 2198 Botulfi,
1562 2155 1603 2188 et
1615 2149 1798 2188 faciendo
1813 2148 1907 2187 inde

392 2203 627 2253 capitalibus
657 2204 829 2243 dominis
858 2205 967 2243 feodi
991 2205 1098 2243 illius
1119 2218 1191 2255 pro
1212 2204 1413 2256 praedictis
1433 2203 1638 2242 Willelmo
1657 2208 1698 2242 et
1717 2203 1906 2254 Angnete

391 2257 524 2294 omnia
552 2257 630 2295 alia
658 2259 822 2296 servitia
850 2272 937 2309 quae
959 2259 1008 2297 ad
1030 2260 1220 2310 praedicta
1251 2259 1428 2297 maneria
1454 2258 1665 2309 pertinent.
1725 2234 1810 2295 Eto
1812 2270 1907 2307 prae-

392 2309 490 2348 dicti
513 2310 738 2350 Willelmus
768 2318 809 2351 et
836 2313 929 2364 Ang
907 2327 1012 2361 sn‚es
1048 2318 1135 2352 tota
1164 2313 1250 2351 vita
1282 2312 1406 2363 ipsius
1438 2312 1636 2362 Angnetis
1672 2310 1903 2363 [warranty]

393 2365 446 2402 Et
474 2370 565 2415 post
596 2373 765 2404 moltem
793 2366 917 2417 ipsius
946 2345 1039 2418 Α11(Ο
1028 2368 1158 2412 rnctis,
1181 2366 1372 2417 piaedicta
1397 2366 1585 2414 maneiia,
1608 2379 1698 2404 cum
1721 2365 1906 2403 omnibus

394 2419 650 2469 pertinenciis
671 2420 762 2468 81118,
785 2428 1039 2459 revertentm
1059 2421 1109 2459 ad
1130 2421 1355 2459 XValterum
1375 2420 1424 2458 de
1444 2420 1649 2470 Munbray
1669 2424 1709 2457 et
1728 2418 1906 2457 haeredes

395 2486 485 2511 suos
519 2473 656 2523 quieta
689 2474 738 2512 de
773 2475 974 2524 praedictis
1007 2475 1166 2513 Abbate
1196 2505 1203 2513 .
1237 2505 1244 2512 .
1279 2506 1286 2513 .
1318 2479 1358 2512 et
1395 2473 1571 2512 Ecclesia
1609 2487 1680 2512 sua
1718 2472 1906 2523 praedicta

395 2527 701 2577 imperpetuum.
773 2528 826 2566 Et
859 2542 930 2579 pro
965 2528 1037 2567 hac
1071 2529 1315 2574 dimissione,
1353 2533 1440 2574 etc.,
1476 2527 1583 2565 idem
1617 2527 1754 2565 Abbas
1793 2525 1907 2566 dedit

394 2581 596 2631 praedictis
616 2581 820 2620 Willelmo
841 2588 881 2620 et
901 2582 1079 2633 Angneti
1100 2596 1224 2620 unum
1244 2582 1490 2632 sperverium
1510 2595 1655 2619 sorum.

450 2698 512 2735 69.
545 2696 690 2749 [Pedes
722 2697 892 2736 Finium.
952 2698 1068 2736 Ebor.
1129 2700 1247 2736 31-36
1278 2697 1401 2735 Henr.
1436 2708 1497 2735 ΙΙΙ.
1532 2696 1684 2749 [1251]‚
1716 2696 1791 2734 No.
1824 2694 1905 2748 80.]

398 2750 493 2788 Haec
514 2757 575 2789 est
603 2782 610 2789 .
643 2782 650 2790 .
685 2782 693 2790 .
724 2751 831 2802 apud
852 2751 983 2799 Ebor.,
1007 2766 1029 2790 a
1049 2752 1112 2790 die
1133 2752 1169 2790 S.
1194 2751 1403 2790 Michaelis
1427 2752 1467 2789 in
1489 2751 1716 2801 quindecim
1736 2750 1834 2796 dies,
1855 2750 1903 2787 A.

396 2818 423 2843 r.
442 2804 489 2842 R.
511 2805 632 2843 Henr.
653 2815 713 2844 ΙΙΙ.
733 2805 932 2843 tricesimo
953 2807 1105 2855 quinto,
1124 2805 1269 2844 Coram
1291 2805 1484 2851 Silvestri,
1504 2804 1671 2843 Karliol.
1695 2803 1903 2854 Episcopo,

397 2858 553 2909 Rogero
583 2859 632 2896 de
666 2858 911 2909 Thurkelby,
948 2859 1132 2910 Hugone,
1169 2860 1326 2897 Abbate
1362 2859 1411 2897 de
1446 2859 1602 2909 Scleby,
1639 2857 1821 2896 Gilberto
1855 2855 1905 2894 de

395 2912 602 2960 Prestona‚
643 2918 684 2950 et
721 2913 813 2951 Ada
849 2913 898 2951 de
938 2913 1108 2963 Hylton,
1147 2913 1389 2952 Justieiariis
1435 2944 1442 2951 .
1495 2943 1502 2951 .
1554 2944 1561 2951 .
1611 2911 1723 2949 Inter
1760 2910 1905 2957 Adam,
