2033 3242
533 234 844 264 CARTULARIUM
865 233 1171 263 RIEVALLENSE.
1525 227 1546 263 3
1553 227 1601 264 01

97 340 295 381 omnibus
315 339 583 386 tenementis,
607 353 705 379 cum
736 338 1023 392 pertinenciis,
1044 351 1139 391 quae
1168 337 1294 378 liberi
1324 337 1520 379 homines
1551 339 1602 379 de

97 397 335 438 Folketona
366 396 444 450 [et]
477 397 529 437 de
559 397 842 449 Flotemanby
863 397 924 437 eis
955 395 1163 437 dederunt
1185 399 1227 436 et
1259 428 1267 435 .
1301 428 1309 436 .
1341 428 1349 437 .
1382 395 1603 436 confirma-

99 460 275 496 verunt:
320 454 608 495 Donationem
656 488 663 495 .
710 488 717 495 .
749 487 757 495 .
799 468 904 508 quas
934 453 1121 494 Alardus
1143 453 1195 494 de
1215 453 1484 506 Willardeby
1515 487 1523 495 .
1555 487 1563 494 .
1596 486 1604 495 .

97 513 200 553 fecit
215 512 308 552 Deo
339 545 348 553 .
379 544 388 553 .
421 543 429 552 .
462 512 514 552 de
535 512 673 553 tribus
689 512 797 553 acris
813 512 927 565 prati
943 516 985 552 et
1001 511 1190 559 dimidia,
1207 524 1305 551 cum
1318 511 1606 564 pertinenciis,

97 571 143 610 in
165 575 284 623 prato
315 569 368 610 de
397 569 686 622 Willardeby:
717 570 1004 610 Donationem
1036 602 1043 610 .
1076 602 1084 610 .
1117 601 1124 609 .
1158 582 1264 622 quas
1296 569 1523 622 Gregorius
1554 569 1606 610 de

97 628 388 680 Flameburge,
419 660 426 668 .
460 661 467 668 .
500 661 507 668 .
541 628 642 668 fecit
663 628 756 668 Deo
777 661 784 667 .
809 660 816 668 .
839 661 847 668 .
870 627 922 668 de
940 626 1163 667 duodecim
1179 626 1364 667 denariis
1382 627 1605 667 annuatim

97 685 383 740 percipiendis
405 685 456 725 de
477 685 552 726 illo
575 685 730 733 clauso,
751 699 847 726 cum
879 685 1168 738 pertinenciis,
1190 685 1235 724 in
1266 684 1603 739 Fraistingtorpe

99 757 226 798 quem
241 743 473 784 Gaufridus
496 743 692 783 Medicus
706 743 758 783 (16
774 743 848 783 illo
870 743 1102 796 aliquando
1123 743 1286 783 tenuit:
1318 743 1607 783 Donationem

97 834 106 842 .
139 834 148 843 .
179 833 187 842 .
219 814 324 855 quas
362 801 572 841 Robertus
609 801 723 841 filius
759 801 910 841 Jacobi
941 801 992 841 de
1024 802 1100 841 Est
1130 800 1352 841 Eselerton
1383 833 1391 841 .
1424 833 1431 840 .
1464 832 1472 841 .
1505 800 1608 841 fecit

97 859 191 899 Deo
223 892 230 900 .
263 892 272 900 .
304 892 312 899 .
345 858 397 899 de
419 872 504 898 uno
527 858 703 899 sellione
735 863 868 906 terrae,
899 872 998 899 cum
1027 858 1315 911 pertinenciis,
1338 858 1390 899 de
1420 857 1607 912 longitu—

99 916 198 957 dine
219 916 434 957 sexdecim
457 917 726 969 perticarum,
749 921 791 956 et
811 917 857 956 in
878 916 1108 956 latitudine
1130 916 1258 956 unius
1279 915 1510 969 perticatae‚
1532 917 1607 969 qui

93 974 208 1027 jacet
228 974 506 1028 propinquior
527 975 694 1027 spineto
716 974 868 1014 subtus
890 974 1119 1014 bercariam
1143 987 1265 1014 suam
1282 974 1327 1013 in
1344 974 1421 1014 Est
1443 974 1606 1014 Eseler-

97 1038 200 1072 tona
239 1046 292 1072 ex
333 1032 567 1085 aquilonali
616 1036 758 1085 parte:
809 1031 1097 1072 Donationem
1128 1064 1135 1071 .
1169 1064 1176 1071 .
1208 1064 1216 1072 .
1250 1045 1354 1084 quas
1386 1031 1415 1072 J
1420 1031 1608 1072 ohannes

98 1090 211 1131 filius
233 1090 416 1130 WValteri
437 1090 489 1130 de
510 1090 633 1130 WVest
656 1089 913 1130 Heslerton1
944 1122 952 1131 .
984 1122 992 1130 .
1026 1123 1033 1130 .
1066 1089 1168 1129 fecit
1188 1089 1281 1129 Deo
1313 1122 1321 1129 .
1353 1121 1362 1130 .
1394 1122 1402 1129 .
1435 1089 1486 1130 de
1503 1089 1606 1130 dua-

99 1148 178 1188 bus
209 1148 376 1188 bovatis
398 1152 531 1196 terrae,
554 1161 651 1188 cum
682 1146 969 1201 pertinenciis,
991 1147 1037 1186 in
1068 1147 1189 1186 XVest
1210 1146 1480 1195 Heslertona,
1511 1161 1609 1187 cum

98 1206 232 1253 toftis,
254 1206 410 1254 crostis,
432 1206 621 1259 gardinis
643 1211 685 1245 et
707 1205 904 1245 omnibus
926 1204 1021 1244 aliis
1051 1204 1328 1257 pertinenciis
1361 1204 1461 1252 suis,
1483 1209 1525 1245 et
1556 1205 1608 1245 de

100 1264 288 1304 dominio
311 1263 439 1303 unius
456 1263 620 1303 bovatae
637 1267 757 1303 terrae
778 1276 907 1316 quam
923 1262 1137 1302 Dominus
1159 1262 1342 1302 Thomas
1365 1262 1417 1302 de
1439 1262 1609 1302 Hesler-

100 1327 202 1362 tona
222 1321 374 1362 habuit
396 1335 448 1362 ex
470 1321 698 1361 donatione
720 1320 914 1368 WValteri,
936 1319 1151 1373 quondam
1172 1319 1307 1372 patris
1338 1320 1406 1360 sui
1424 1335 1432 1360 :
1462 1319 1609 1360 Dona-

101 1380 261 1420 tionem
294 1412 301 1419 .
334 1412 341 1420 .
375 1412 383 1420 .
416 1393 521 1432 quas
553 1379 774 1419 <Iohannes
806 1378 991 1431 Ingram,
1032 1377 1245 1417 Dominus
1287 1377 1339 1417 de
1378 1377 1488 1418 Dale
1519 1411 1526 1418 .
1560 1410 1568 1418 .
1602 1411 1609 1418 .

99 1437 201 1478 fecit
222 1438 314 1477 Deo
347 1470 355 1477 .
389 1469 396 1477 .
429 1469 437 1477 .
470 1437 522 1477 de
543 1436 676 1476 libero
697 1435 885 1476 chimino
906 1441 949 1476 et
970 1435 1157 1475 transitu
1188 1434 1270 1475 sibi
1291 1440 1334 1475 et
1360 1434 1608 1476 hominibus

99 1500 141 1536 et
158 1494 415 1535 animalibus
432 1498 474 1534 et
487 1494 679 1548 cariagiis
695 1493 783 1534 suis
801 1507 854 1534 ex
869 1493 1098 1533 latitudine
1114 1493 1353 1533 communis
1369 1493 1540 1546 perticae
1557 1494 1608 1534 de

101 1553 213 1593 Hest
234 1552 465 1593 Heslerton
486 1552 597 1592 sicut
618 1552 858 1605 antiquitus
880 1551 945 1591 uti
976 1551 1194 1591 solebant:
1226 1551 1516 1591 Donationem
1539 1584 1547 1592 .
1569 1584 1577 1592 .
1601 1584 1609 1592 .

101 1624 206 1664 quas
226 1610 355 1651 Wido
377 1610 429 1650 de
450 1609 686 1650 Walwerth
707 1614 749 1650 et
770 1610 958 1662 Rogerus
990 1609 1103 1649 filius
1135 1608 1309 1649 Ricardi
1338 1609 1390 1649 de
1423 1608 1610 1663 Sifning-

100 1669 211 1723 t[on]
249 1700 258 1709 .
290 1700 299 1709 .
331 1700 339 1709 .
386 1668 578 1708 fecerunt
612 1667 705 1708 Deo
736 1700 744 1708 .
778 1700 785 1708 .
817 1700 825 1707 .
859 1667 911 1707 de
947 1667 1125 1707 dimidia
1160 1680 1257 1706 acra
1298 1671 1340 1707 et
1379 1667 1536 1721 viginti
1568 1672 1611 1708 et

101 1727 266 1767 duabus
288 1725 506 1780 perticatis
523 1729 656 1773 terrae,
671 1739 768 1765 cum
790 1725 1077 1778 pertinenciis,
1095 1725 1140 1764 in
1157 1724 1417 1765 Heslertona
1434 1743 1440 1765 :
1471 1725 1612 1765 Dona-

100 1784 263 1825 tionem
293 1816 302 1824 .
334 1816 342 1824 .
376 1816 382 1821 .
416 1797 521 1837 quas
571 1783 780 1830 Eufemia,
822 1782 1038 1836 quondam
1088 1796 1196 1822 uxor
1236 1782 1343 1822 Eliae
1385 1782 1436 1823 de
1488 1783 1610 1823 XVest

101 1842 396 1893 Heselertona,
419 1855 494 1895 per
516 1846 675 1881 cartam
697 1854 818 1881 suam
840 1841 943 1881 fecit
972 1840 1065 1880 Deo
1087 1872 1095 1880 .
1118 1873 1126 1880 .
1149 1872 1157 1880 .
1181 1839 1233 1880 de
1255 1840 1419 1880 duabus
1443 1840 1609 1881 bovatis

101 1904 235 1948 terrae,
257 1913 355 1940 cum
377 1899 551 1952 capitali
572 1899 799 1952 mesuagio,
821 1903 864 1938 et
886 1912 982 1938 cum
1004 1897 1201 1938 omnibus
1223 1898 1499 1950 pertinenciis
1522 1899 1610 1939 suis

101 1958 148 1998 in
180 1958 306 1999 West
341 1957 646 1998 Heselertona:
692 1956 980 1997 Donat-ionem
1012 1989 1020 1996 .
1053 1988 1061 1995 .
1095 1988 1102 1996 .
1135 1969 1240 2008 quas
1263 1955 1474 1996 Robertus
1496 1956 1612 1996 filius

102 2016 225 2056 Teste
239 2014 254 2038 ²
275 2015 326 2056 de
348 2015 427 2055 Est
447 2015 706 2055 Heslertona
737 2047 744 2054 .
778 2047 786 2054 .
818 2047 825 2054 .
859 2014 960 2054 fecit
980 2013 1074 2053 Deo
1096 2018 1138 2053 et
1159 2013 1378 2053 monachis
1395 2014 1610 2067 praedictis

101 2074 154 2115 de
175 2073 312 2114 tribus
329 2073 437 2113 acris
458 2078 592 2120 terrae,
613 2086 711 2113 cum
732 2071 1019 2125 pertinenciis,
1040 2071 1085 2110 in
1107 2071 1185 2111 Est
1206 2071 1475 2120 Heslertona,
1496 2076 1539 2112 et
1561 2072 1612 2112 de

103 2131 319 2172 communi
340 2135 512 2184 pastura
534 2130 587 2170 ad
609 2135 792 2183 quatuor
813 2143 943 2182 equos
961 2134 1002 2169 et
1016 2134 1198 2182 quatuor
1210 2142 1371 2177 vaccas,
1385 2143 1479 2169 cum
1499 2135 1613 2170 secta

103 2203 180 2230 sua
194 2188 375 2229 duorum
393 2202 612 2236 annorum,
625 2188 670 2227 in
684 2187 893 2228 territorio
911 2186 1101 2240 ejusdem
1117 2186 1243 2235 villae,
1261 2191 1303 2227 et
1319 2186 1370 2227 de
1392 2187 1525 2228 libero
1547 2188 1612 2227 in-

104 2260 250 2301 gressu
264 2250 306 2287 et
319 2246 452 2286 libero
468 2259 638 2299 egressu
652 2245 704 2285 ad
719 2245 950 2286 bercariam
964 2244 1186 2293 suam,sibi
1199 2249 1241 2285 et
1256 2244 1500 2286 hominibus
1514 2245 1615 2294 suis,

105 2310 147 2346 et
167 2304 389 2358 pecoribus
422 2308 464 2344 et
485 2303 743 2344 animalibus
775 2308 817 2343 et
848 2302 1041 2356 cariagiis
1073 2307 1114 2343 et
1146 2302 1393 2356 summagiis
1416 2303 1515 2352 suis,
1536 2317 1611 2356 per

104 2367 244 2403 totum
265 2361 526 2402 territorium
549 2361 600 2401 de
621 2361 699 2401 Est
721 2360 990 2407 Heslertona,
1012 2360 1201 2413 exceptis
1224 2360 1361 2401 bladis
1382 2365 1425 2401 et
1454 2362 1610 2414 pratis:

103 2419 390 2461 Donationem
421 2452 428 2459 .
461 2452 469 2459 .
502 2452 510 2459 .
544 2432 648 2472 quas
669 2418 852 2458 Thomas
867 2419 917 2458 (16
935 2418 1202 2467 Heslertona,
1224 2418 1358 2467 miles,
1390 2451 1398 2459 .
1429 2451 1438 2459 .
1470 2452 1478 2459 .
1511 2419 1612 2460 fecit

106 2478 267 2519 Abbati
301 2481 342 2518 et
377 2476 597 2517 monachis
638 2476 852 2529 praedictis
888 2476 939 2516 de
976 2481 1159 2529 quatuor
1199 2476 1366 2517 bovatis
1405 2479 1528 2517 terrae
1569 2482 1611 2517 et

105 2541 288 2590 quatuor
307 2535 440 2583 tostis,
461 2548 559 2575 cum
591 2533 879 2588 pertinenciis,
900 2534 945 2573 in
981 2534 1193 2574 territorio
1229 2538 1272 2574 et
1306 2534 1410 2574 villa
1446 2534 1499 2575 de
1534 2534 1612 2574 Est

106 2593 386 2635 Heslertona:
417 2592 705 2633 Donationem
736 2625 744 2632 .
767 2625 775 2632 .
798 2624 806 2632 .
840 2605 944 2645 quas
967 2591 1212 2632 Alexander
1234 2592 1392 2632 Gerum
1417 2625 1424 2633 .
1448 2625 1456 2632 .
1479 2625 1486 2632 .
1510 2592 1612 2632 fecit

106 2652 198 2693 Deo
229 2685 236 2692 .
270 2684 277 2692 .
310 2684 317 2692 .
351 2650 403 2691 de
425 2650 589 2690 duobus
612 2649 758 2690 solidis
780 2650 825 2689 in
856 2649 961 2689 villa
997 2649 1036 2690 S.
1073 2649 1231 2689 Botulfi
1268 2649 1319 2690 de
1355 2649 1480 2689 domo
1517 2663 1612 2702 quae

106 2714 256 2750 vocata
285 2708 370 2749 fuit
400 2708 591 2757 Boveria,
627 2708 811 2748 Roberto
841 2707 893 2748 de
934 2707 1230 2763 Huntind[on]
1261 2707 1484 2747 annuatim
1524 2707 1612 2747 red-

107 2767 279 2808 dendis:
311 2766 637 2808 Concessionem
667 2798 675 2806 .
708 2799 716 2806 .
749 2798 757 2806 .
791 2779 896 2819 quas
918 2765 1157 2806 Rainnerus
1178 2765 1292 2806 filius
1327 2764 1539 2805 Gurrediss
1561 2764 1612 2806 de

150 2864 160 2882 ¹
184 2857 276 2889 Note
292 2857 352 2888 the
364 2856 454 2888 Hest
472 2856 683 2888 Heslertona
699 2867 719 2887 a
735 2855 830 2888 little
846 2855 968 2895 below,
988 2855 1155 2898 denoting
1171 2856 1235 2888 Est
1251 2867 1289 2887 or
1306 2856 1394 2887 East
1409 2855 1611 2888 Heslerton.

148 2900 161 2920 ²
184 2901 257 2933 The
270 2911 369 2932 name
381 2899 503 2932 stands
524 2900 616 2932 Tosti
631 2899 829 2932 elsewhere.
975 2899 987 2917 ³
1009 2899 1103 2931 Note
1118 2900 1179 2931 the
1197 2899 1381 2939 Gerar-dms,
1399 2899 1475 2940 just
1490 2898 1612 2932 below.
