2033 3242
759 327 985 358 APPENDIX.
1546 316 1595 352 41
1608 316 1624 352 1

121 432 320 484 prodesse,
361 437 401 471 et
439 432 556 471 dictis
594 432 879 471 mercatoribus
918 436 958 470 et
996 443 1133 469 eorum
1171 429 1285 468 sociis
1322 442 1367 467 ac
1404 427 1629 466 haeredibus

122 500 274 535 nocere,
296 485 360 524 vel
380 499 469 536 quae
498 492 661 537 possent
680 486 800 537 objici
829 490 968 524 contra
994 484 1207 535 praemissa.
1266 482 1465 521 Volumus
1494 487 1629 520 autem

122 553 241 592 super
256 540 467 591 praemissis
487 540 682 588 omnibus,
697 540 858 578 nomine
878 544 1016 578 nostro
1032 543 1072 577 et
1087 537 1323 576 Monasterii
1336 536 1462 574 nostri
1478 548 1500 573 a
1513 534 1629 573 dictis

121 594 421 641 mercatoribus,
443 593 506 632 vel
527 594 576 632 ab
596 607 676 632 uno
697 607 845 641 eorum,
867 598 938 632 aut
957 606 1094 631 eorum
1114 591 1267 638 nuntio,
1284 591 1327 628 in
1347 590 1455 628 omni
1474 589 1560 627 loco
1590 594 1629 627 et

121 661 254 687 coram
283 661 521 698 quocunque
551 648 684 698 judice
704 648 827 686 libere
847 647 1025 694 conveni,
1048 651 1089 685 et
1108 645 1158 684 ad
1178 645 1373 696 judicium
1402 643 1516 681 trahi.
1577 642 1630 680 Et

121 702 291 753 quilibet
303 702 500 740 dictorum
512 707 776 740 mercatorum
788 702 831 739 in
844 701 1026 748 solidum,
1043 699 1106 738 vel
1118 704 1352 750 procurator
1362 698 1480 736 unius
1494 709 1629 735 eorum

121 761 256 807 potest
288 769 311 793 a
342 755 457 794 nobis
491 761 625 806 petere
659 761 699 794 et
731 755 905 806 recipere
939 768 981 793 ac
1011 754 1170 804 exigere
1200 766 1290 791 cum
1324 752 1465 791 effectu
1498 755 1631 789 totum

122 810 276 848 dictum
292 809 472 848 debitum
488 809 572 848 sine
587 809 864 860 procuratione
877 809 1045 847 aliorum
1059 808 1254 846 sociorum
1271 819 1443 844 suorum.
1486 804 1631 843 Omnia

123 868 258 902 autem
292 863 521 914 supradicta
554 869 595 901 et
625 862 782 914 singula
814 863 974 901 nomine
1003 867 1141 900 nostro
1171 866 1211 898 et
1240 859 1476 898 Monasterii
1504 858 1629 896 nostri

124 917 396 969 promittimus
416 917 520 956 bona
539 916 628 964 fide,
651 917 692 955 in
712 917 834 955 verbo
854 916 1043 962 caritatis,
1064 915 1231 953 firmiter
1250 920 1397 960 tenere,
1421 913 1631 951 observare

125 977 167 1010 et
187 971 416 1022 adimplere,
438 984 482 1009 ac
502 971 543 1008 in
564 971 674 1009 nullo
703 970 986 1009 contravenire.
1046 969 1099 1007 Et
1127 968 1333 1007 sciendum
1353 973 1414 1006 est
1433 966 1540 1017 quod
1560 979 1631 1004 nos

124 1025 242 1064 dictis
270 1024 556 1063 mercatoribus
585 1025 626 1062 in
655 1024 797 1074 majori
826 1038 979 1062 summa
1007 1036 1078 1074 per
1105 1023 1182 1061 alia
1210 1022 1357 1072 scripta
1385 1021 1630 1065 tenebamur,

124 1092 213 1130 quae
243 1079 392 1129 scripta
420 1092 540 1129 penes
560 1092 632 1117 nos
651 1078 852 1117 habemus.
912 1078 965 1116 Et
984 1077 1113 1115 adhuc
1133 1076 1251 1115 dictis
1271 1074 1557 1113 mercatoribus
1577 1086 1633 1111 re-

124 1146 330 1172 manemus
364 1132 529 1182 obligati
559 1132 601 1170 in
636 1132 743 1170 dicta
771 1145 926 1170 summa
958 1131 1058 1169 lanae
1088 1135 1128 1169 et
1157 1130 1345 1181 pecuniae,
1381 1129 1484 1167 sicut
1512 1127 1633 1166 conti-

124 1192 244 1225 netur
272 1187 314 1224 in
343 1186 419 1224 hiis
447 1186 593 1224 litteris
622 1186 880 1236 obligatoriis,
903 1190 949 1223 ut
977 1184 1210 1236 praedictum
1240 1188 1310 1222 est.
1369 1182 1417 1221 In
1439 1182 1552 1232 cujus
1576 1181 1632 1218 rei

125 1240 401 1279 testimonium
431 1240 604 1290 sigillum
632 1247 815 1278 nostrum
843 1239 1105 1290 praesentibus
1140 1244 1200 1276 est
1233 1250 1463 1288 appensum.
1537 1235 1630 1273 Dat.

124 1295 256 1342 Ebor.‚
278 1294 342 1332 die
372 1294 581 1332 Dominica
613 1294 840 1344 proximum
869 1299 959 1344 post
987 1293 1132 1331 festum
1163 1291 1353 1330 Omnium
1382 1290 1631 1332 Sanctorum,

124 1349 172 1386 A.
191 1348 241 1387 D.
263 1348 324 1386 Μο
336 1354 393 1387 cc⁰
405 1348 695 1399 septuagesimo
711 1361 826 1385 nono.
872 1347 925 1385 Et
943 1346 1156 1397 praedictus
1176 1345 1312 1383 Abbas
1333 1343 1514 1382 concedit
1527 1342 1634 1393 quod

125 1402 202 1440 nisi
235 1402 399 1440 solverit
432 1401 663 1453 praedictam
692 1402 900 1452 pecuniam
934 1401 983 1438 ad
1010 1399 1227 1438 terminum
1257 1398 1504 1450 praedictum,
1527 1395 1635 1447 quod

125 1456 354 1495 Vicecomes
385 1456 469 1494 fieri
505 1455 626 1494 faciat
659 1455 708 1493 de
742 1455 859 1493 terris
897 1461 937 1493 et
975 1453 1127 1492 catallis
1166 1453 1247 1491 suis
1287 1458 1328 1490 et
1366 1463 1634 1490 successorum

125 1523 288 1549 suorum
309 1515 379 1549 etc.

181 1624 242 1661 92.
276 1621 428 1674 [Assise
445 1622 568 1660 Rolls.
630 1621 749 1660 Ebor.
813 1624 863 1660 ‘20
881 1621 990 1659 Edw.
1016 1631 1040 1659 Ι.
1066 1619 1219 1673 [129ὲ],
1242 1619 1292 1657 N.
1320 1621 1351 1665 1,
1379 1620 1478 1665 13-3,
1502 1618 1528 1656 f.
1553 1616 1635 1670 26]

125 1676 322 1724 Johanna,
346 1689 433 1726 quae
454 1676 532 1714 fuit
550 1689 654 1714 uxor
674 1675 846 1714 Gilberti
868 1675 1093 1721 Haunsard,
1125 1674 1227 1724 petit
1246 1685 1382 1711 versus
1408 1672 1435 1710 ‚J
1438 1671 1635 1710 ohannem

124 1730 174 1768 de
189 1730 464 1781 Lythegrenes
480 1735 519 1768 et
538 1730 719 1777 Aliciam,
741 1743 908 1768 uxorem
924 1730 1021 1780 erS‚
1043 1728 1205 1766 tertiam
1224 1731 1379 1777 partem
1399 1725 1564 1764 manerii
1585 1724 1634 1763 de

125 1784 274 1835 Magna
288 1783 554 1834 Wyrkeshale
572 1799 581 1832 ;
610 1789 650 1822 et
669 1797 806 1822 versus
822 1783 1024 1822 Abbatem
1040 1782 1089 1820 de
1109 1781 1278 1832 Ryvalle
1300 1779 1460 1818 tertiam
1481 1784 1635 1829 partem

126 1838 304 1889 piscariae
319 1838 360 1875 in
381 1837 467 1888 ripa
487 1838 536 1876 de
556 1838 694 1887 Teyse‚
716 1851 842 1888 usque
863 1837 913 1875 ad
934 1837 1046 1874 filum
1066 1849 1177 1886 aquae
1198 1848 1221 1873 a
1240 1840 1382 1885 stagno
1402 1832 1632 1880 molendini,

126 1905 196 1942 per
215 1891 314 1930 duas
333 1891 463 1930 leucas
485 1892 734 1930 ascendendo
761 1898 801 1930 et
833 1892 931 1929 duas
961 1891 1092 1929 leucas
1122 1887 1400 1927 descendendo
1428 1888 1469 1925 in
1497 1887 1636 1925 eadem

126 1945 246 1985 villa:
295 1951 336 1984 et
372 1959 512 1984 versus
549 1946 576 1984 J
579 1946 788 1992 ohannem,
833 1945 959 1983 filium
997 1943 1170 1982 Gilberti
1208 1940 1434 1988 Haunsard,
1475 1940 1635 1979 tertiam

126 2005 280 2050 partem
308 2000 431 2038 trium
459 2008 732 2038 carucatarum
761 2005 888 2047 terrae,
910 1998 1055 2049 viginti
1089 2009 1267 2035 acrarum
1296 1995 1411 2046 prati,
1444 2000 1483 2033 et
1516 1994 1636 2045 quad-

128 2054 284 2105 raginta
318 2053 578 2092 solidatarum
613 2053 794 2092 redditus
833 2085 840 2091 .
884 2083 892 2092 .
932 2083 940 2092 .
981 2053 1021 2090 in
1052 2050 1246 2099 Horneby
1276 2056 1317 2088 et
1354 2049 1635 2099 Thorp-rawe3

127 2112 168 2145 et
200 2120 339 2145 versus
372 2107 609 2154 Gilbertum‚
650 2107 777 2145 filium
814 2106 987 2145 Gilberti
1022 2104 1246 2151 Haunsard‚
1282 2103 1442 2142 tertiam
1481 2107 1635 2154 partem

126 2161 271 2212 viginti
299 2161 537 2199 bovatarum
565 2166 692 2207 terrae,
719 2161 835 2199 unius
864 2159 1083 2198 molendini
1112 2164 1152 2197 et
1180 2158 1346 2209 triginta
1377 2156 1635 2195 solidatarum

127 2214 310 2253 redditus
344 2245 352 2252 .
385 2245 392 2254 .
427 2245 434 2253 .
465 2215 506 2252 in
536 2214 758 2264 Horneby3
788 2221 828 2252 et
847 2227 985 2252 versus
1014 2213 1208 2251 Thomam
1237 2211 1286 2250 de
1308 2211 1434 2250 Claris
1454 2210 1636 2249 Vallibus

127 2268 288 2307 tertiam
309 2273 463 2319 partem
492 2282 562 2306 sex
583 2268 843 2306 solidatarum
872 2274 912 2306 et
941 2272 1030 2306 octo
1050 2266 1305 2304 denariorum
1333 2265 1515 2303 redditus
1545 2295 1552 2303 .
1585 2295 1591 2302 .
1626 2295 1633 2302 .

127 2323 169 2360 in
198 2322 501 2370 Landemothe;
530 2327 571 2360 et
599 2335 736 2360 versus
764 2322 967 2373 Rogerum
995 2321 1044 2359 de
1073 2320 1273 2370 Moubray
1292 2319 1453 2357 tertiam
1482 2323 1634 2370 partem

127 2376 265 2414 decem
297 2381 564 2414 marcatarum
597 2375 778 2414 redditus
807 2407 815 2414 .
851 2406 858 2413 .
891 2406 897 2413 .
929 2375 971 2413 in
1004 2374 1162 2421 Thirsk,
1203 2379 1250 2412 ut
1283 2373 1419 2412 dotem
1453 2378 1524 2411 etc.
1584 2372 1637 2409 Et

128 2429 275 2477 Abbas,
298 2434 339 2467 et
359 2443 494 2468 omnes
515 2429 581 2467 alii
601 2436 746 2480 praeter
766 2428 1000 2480 praedictum
1016 2428 1043 2466 J
1047 2428 1244 2467 ohannem
1264 2427 1314 2465 de
1334 2426 1637 2477 Lythegreynes

129 2489 169 2522 et
192 2483 373 2530 Aliciam,
395 2496 561 2521 uxorem
591 2484 689 2534 ejus,
712 2483 903 2521 veniunt:
934 2483 986 2521 Et
1006 2482 1141 2521 Abbas
1161 2481 1210 2520 de
1240 2480 1480 2519 tenementis
1500 2493 1637 2518 versus

128 2551 218 2576 eum
239 2537 375 2588 petitis
391 2537 488 2575 dicit
503 2537 610 2587 quod
630 2538 716 2588 ipsa
730 2551 810 2575 non
827 2536 947 2575 debet
961 2535 1054 2574 inde
1071 2536 1206 2574 dotem
1226 2535 1372 2573 habere
1390 2550 1396 2572 :
1418 2534 1515 2572 dicit
1531 2533 1636 2572 enim

128 2590 236 2642 quod
248 2590 462 2641 praedictus
471 2591 685 2638 Gilbertus‚
697 2591 896 2641 quondam
912 2591 972 2628 vir
984 2590 1108 2640 ipsius
1121 2589 1327 2635 Johannae,
1339 2588 1409 2626 diu
1422 2593 1637 2638 antequam

128 2645 385 2695 desponsavit
412 2644 643 2695 praedictam
669 2645 908 2691 johannam,
939 2644 1118 2683 feoffavit
1136 2643 1338 2694 quondam
1358 2642 1559 2680 Abbatem
1587 2640 1637 2678 de

129 2698 310 2749 Ryvalle,
332 2698 658 2749 praedecessorem
679 2699 792 2737 istius
812 2698 993 2745 Abbatia
1016 2697 1065 2736 de
1086 2697 1284 2748 praedictis
1305 2695 1543 2734 tenementis
1563 2700 1634 2732 etc.

129 2753 186 2791 ita
211 2752 319 2802 quod
345 2751 451 2790 idem
481 2752 697 2799 Gilbertus,
719 2752 784 2790 die
813 2765 891 2802 quo
919 2752 1046 2803 ipsam
1072 2751 1340 2802 desponsavit,
1363 2763 1432 2787 nec
1462 2761 1636 2799 unquam

129 2811 279 2857 postea,
292 2806 372 2844 fuit
385 2806 425 2843 in
442 2806 585 2844 seisina
597 2806 645 2844 de
660 2806 849 2858 praedicta
864 2806 1041 2857 piscaria,
1056 2811 1103 2844 ut
1115 2806 1164 2843 de
1177 2804 1307 2850 feodo,
1321 2804 1378 2841 ita
1390 2802 1497 2853 quod
1510 2803 1636 2853 ipsam

128 2860 267 2899 dotare
279 2860 429 2910 potuit:
451 2865 492 2898 et
505 2859 553 2898 (le
569 2860 642 2899 hoc
657 2860 768 2911 ponit
781 2873 820 2898 se
835 2873 952 2910 super
966 2860 1144 2910 patriam.
1178 2859 1231 2896 Et
1242 2857 1429 2896 Johanna
1443 2856 1633 2894 similiter.

130 2914 226 2952 Ideo
247 2914 317 2951 fiat
344 2913 437 2951 inde
466 2914 610 2964 jurata.
668 2914 823 2961 Postea,
848 2913 1036 2965 praedicta
1066 2912 1253 2951 Johanna
1286 2911 1408 2949 habet
1437 2909 1636 2948 licentiam

130 2967 341 3007 recedendi
370 2967 419 3006 de
440 2967 551 3006 brevi
580 2981 651 3006 suo
680 2968 730 3006 ad
760 2967 992 3006 instantiam
1013 2965 1243 3017 Guychardi
1273 2965 1322 3003 de
1349 2965 1529 3003 Charron
1562 2969 1634 3002 etc.
