2033 3242
536 264 848 297 CARTULARIUM
868 266 1175 298 RIEVALLENSE.
1530 262 1610 300 187

101 370 277 412 bovatas
307 372 427 410 terrae
447 369 494 410 in
515 369 761 421 Houetuna,
781 371 1016 413 secundum
1043 372 1223 413 formam
1254 377 1379 413 cartae
1409 372 1608 413 illorum:

102 441 155 469 ex
191 427 301 468 dono
336 426 510 468 Ricardi
546 427 724 469 Cumin1
760 443 890 470 unam
930 435 1191 470 carrucatam
1231 434 1273 471 et
1309 430 1532 471 dimidiam
1566 430 1609 471 in

102 484 366 527 Stainchroft
405 485 517 526 sicut
550 485 642 539 ipse
674 486 881 528 Ricardus
912 487 1033 528 vobis
1068 488 1276 529 concessit
1311 491 1355 529 et
1389 492 1504 529 carta
1535 501 1611 529 sua

101 542 379 584 confirmavit.
440 542 550 584 Sane
580 542 774 585 laborum
797 548 1036 586 vestrorum
1066 559 1172 599 quos
1202 546 1382 599 propriis
1413 545 1610 586 manibus

102 605 146 642 et
166 600 409 654 sumptibus
430 600 581 649 colitis,
603 601 692 642 sive
723 602 775 643 de
796 603 1059 643 nutrimento
1079 607 1317 644 vestrorum
1348 603 1611 652 animalium,

99 658 246 700 nullus
277 658 450 699 omnino
481 672 506 699 a
532 659 652 700 vobis
683 659 868 701 decimas
895 661 1063 715 exigere
1091 665 1330 715 praesumat.
1390 661 1611 702 Addentes

98 716 230 758 etiam
265 716 562 757 auctoritatem
593 717 898 770 Apostolicam,
933 718 1207 772 prohibemus
1239 732 1293 760 ne
1333 719 1429 773 quis
1460 719 1611 760 fratres

97 773 516 823 vestros,—clericos‚
550 774 691 825 videl,
711 775 800 816 sive
830 775 1129 830 laicos,—post
1163 777 1322 817 factam
1356 777 1402 817 in
1437 776 1612 817 Monas-

100 832 206 873 terio
245 835 386 873 vestro
426 832 741 885 professionem,
782 833 942 887 absque
983 834 1157 875 licentia
1207 839 1346 875 vestra
1397 834 1610 888 suscipere

98 889 265 939 audeat,
285 889 355 931 vel
375 890 570 931 retinere.
638 890 861 932 Sancimus
882 892 1011 932 etiam
1039 905 1093 933 ne
1123 891 1232 945 quis,
1253 892 1610 946 Archiepiscopus

99 947 169 989 vel
188 947 439 1002 Episcopus,
470 948 560 989 sive
600 948 829 1002 cujuslibet
869 949 1040 991 Ordinis
1079 948 1201 1005 [159]
1237 963 1428 1003 persona,
1468 949 1610 991 locum

97 1010 289 1047 vestrum
315 1019 338 1046 a
369 1005 528 1046 divinis
563 1006 792 1047 interdicat
824 1006 984 1056 officiis,
1015 1007 1099 1048 nisi
1128 1007 1312 1048 Abbatis
1332 1007 1402 1048 vel
1432 1008 1610 1048 fratrum

97 1063 233 1117 ipsius
254 1063 338 1104 loci
358 1063 534 1105 evidens
561 1068 604 1104 et
623 1064 851 1105 manifesta
872 1065 998 1118 culpa
1028 1065 1230 1106 extiterit.
1291 1065 1438 1106 Liceat
1467 1068 1611 1106 autem

96 1121 230 1170 vobis,
261 1135 360 1162 cum
390 1134 615 1162 commune
646 1122 922 1163 interdictum
953 1127 1076 1164 terrae
1106 1122 1250 1176 fuerit,
1273 1122 1427 1163 clausis
1453 1123 1610 1176 januis,

97 1183 141 1220 et
173 1179 358 1220 exclusis
390 1180 769 1220 excommunicatis
800 1184 843 1220 et
872 1180 1124 1228 interdictis,
1155 1180 1303 1220 divina
1333 1180 1470 1220 officia
1502 1180 1609 1221 cele-

96 1237 228 1278 brare.
291 1236 392 1277 Paci
422 1250 591 1291 quoque
623 1241 666 1278 et
696 1237 1001 1291 tranquillitati
1022 1242 1175 1278 vestrae
1196 1241 1374 1291 paterna
1404 1237 1610 1278 sollicitu—

97 1295 197 1335 dine
226 1294 510 1349 providentes,
530 1295 783 1336 auctoritate
803 1295 1051 1348 Apostolica
1081 1295 1357 1349 prohibemus
1384 1300 1434 1335 ut
1464 1295 1610 1336 nullus

96 1352 209 1393 infra
229 1352 469 1393 clausuram
489 1352 678 1393 locorum
699 1353 788 1393 sive
811 1353 1083 1407 grangiarum
1103 1357 1340 1394 vestrarum
1360 1352 1610 1393 violentiam

95 1410 167 1450 vel
196 1410 391 1464 rapinam
420 1409 490 1451 vel
520 1410 685 1451 furtum
721 1410 869 1458 facere,
897 1410 967 1451 vel
997 1410 1215 1451 hominem
1251 1424 1399 1464 capere
1429 1410 1610 1461 audeat;

97 1472 140 1509 et
160 1468 197 1509 si
219 1468 315 1522 quis
336 1468 416 1509 hoc
436 1468 660 1508 temerario
681 1481 787 1508 ausu
808 1469 1137 1522 praesumpserit,
1154 1473 1362 1522 tanquam
1383 1468 1610 1522 sacrilegus

89 1526 319 1579 judicetur,
355 1530 398 1567 et
432 1525 885 1567 excommunicationis
921 1526 1084 1567 ultione
1116 1526 1338 1580 plectatur.
1400 1527 1610 1567 Praeterea

95 1597 241 1624 omnes
275 1583 504 1632 libertates,
540 1597 616 1624 seu
651 1584 780 1624 etiam
812 1584 1108 1625 immunitates
1138 1598 1187 1625 ac
1217 1584 1353 1638 regias
1384 1588 1609 1625 consuetu-

95 1641 216 1682 dines
237 1654 262 1681 a
282 1640 505 1682 karissimo
526 1641 615 1682 filio
635 1646 779 1682 nostro
801 1641 1001 1691 Henrico,
1023 1642 1136 1696 Rege
1156 1642 1407 1695 Anglorum,
1423 1641 1544 1682 vobis
1567 1646 1609 1682 et

94 1699 295 1740 Ecclesiae
307 1702 460 1740 vestrae
475 1699 678 1749 indultas,
695 1703 737 1740 et
758 1700 906 1753 scripti
926 1700 993 1740 sui
1013 1700 1169 1754 pagina
1189 1700 1417 1750 roboratas,
1433 1700 1608 1740 auctori-

93 1761 181 1797 tate
196 1756 444 1811 Apostolica
460 1757 771 1810 confirmamus,
786 1762 828 1798 et
844 1757 1031 1798 illibatas
1048 1758 1277 1799 statuimus
1292 1762 1499 1811 perpetuo
1515 1770 1607 1810 per-

92 1828 275 1864 manere,
295 1814 570 1868 prohibentes
600 1829 654 1856 ne
682 1815 896 1869 quispiam
926 1815 1149 1856 hominum
1171 1829 1246 1855 vos
1277 1819 1352 1856 aut
1373 1814 1606 1855 Ecclesiam

91 1876 278 1913 vestram
300 1872 352 1913 de
382 1872 499 1913 omni
528 1873 800 1922 temanatala,
820 1873 1081 1927 Danegeldo,
1103 1873 1300 1914 omnibus
1331 1873 1487 1921 assisis,
1509 1886 1606 1913 con-

91 1930 403 1979 suetudinibus,
439 1930 624 1980 auxiliis,
663 1930 845 1984 placitis,
882 1936 925 1972 et
965 1931 1017 1972 de
1058 1931 1174 1972 omni
1214 1934 1381 1971 terreno
1423 1930 1607 1977 servitio,

91 1988 204 2041 quod
236 1987 365 2029 alicui
395 1988 587 2030 saeculari
613 2002 805 2042 personae
833 1989 1086 2043 pertinebat,
1114 1988 1269 2029 audeat
1299 1989 1512 2037 infestare,
1534 1988 1607 2028 sed

90 2045 215 2086 liberi
246 2050 289 2087 et
319 2045 455 2100 quieti
476 2046 529 2087 ab
559 2046 806 2100 hujusmodi
838 2047 1131 2087 exactionibus
1162 2046 1382 2095 maneatis,
1405 2045 1605 2100 quemad-

91 2104 267 2144 modum
296 2103 524 2157 praedictus
555 2104 670 2145 filius
700 2108 856 2154 noster,
883 2105 976 2145 Rex
999 2104 1225 2153 Henricus‚
1247 2104 1336 2145 sive
1367 2117 1473 2145 avus
1504 2104 1606 2157 ejus,

90 2161 231 2202 senior
243 2161 471 2211 Henricus‚
487 2161 657 2216 scriptis
671 2162 759 2203 suis
772 2162 892 2203 vobis
907 2162 1217 2203 rationabiliter
1233 2162 1604 2203 confirmaverunt.

88 2289 153 2320 pro
176 2277 271 2309 omni
293 2277 449 2317 servitio,
476 2281 513 2309 et
535 2280 576 2310 ut
599 2278 707 2310 simus
730 2288 807 2320 par-

88 2322 215 2363 ticipes
252 2321 450 2353 orationum
487 2323 524 2353 et
560 2321 808 2353 beneficiorum

89 2365 241 2403 illorum,
267 2366 303 2396 et
330 2364 398 2406 ipsi
423 2367 634 2396 nostrorum.
684 2365 719 2397 Si
746 2364 807 2396 ali-

89 2408 168 2450 quis
199 2418 257 2440 eos
286 2407 489 2449 gravaverit
519 2408 561 2439 de
592 2408 668 2450 ipsa
699 2411 806 2447 terra,

89 2451 195 2483 simul
218 2461 297 2482 cum
313 2450 398 2493 ipsis
421 2451 551 2483 erimus
573 2451 611 2483 in
634 2451 806 2490 omnibus,

88 2505 151 2526 nec
181 2494 361 2526 redditum
393 2497 554 2526 nostrum
591 2495 805 2526 amittemus.

90 2538 170 2570 Hiis
204 2537 379 2569 Testibus.
435 2537 675 2579 Hingelramo,
710 2538 808 2569 Pres-

88 2581 203 2613 bitero
241 2580 284 2612 de
322 2580 575 2619 WVellaburne;
613 2581 804 2619 Willelmo,

89 2624 224 2656 Clerico
269 2623 312 2655 de
349 2623 523 2662 Kirkebi;
568 2624 722 2657 Radulfo
764 2624 808 2656 de

87 2667 198 2699 Wath
214 2679 223 2706 ;
250 2667 366 2699 Alano
397 2666 440 2699 de
470 2667 662 2706 Buleford3
693 2667 808 2700 Alano

88 2710 132 2743 de
159 2711 386 2752 Nagaltune3
413 2710 518 2743 Petro
545 2710 588 2742 de
611 2711 806 2749 Houetun3

88 2754 267 2793 Bernulfo,
297 2753 464 2793 Roberto,
498 2756 534 2786 et
558 2754 736 2786 Willelmo
762 2754 806 2786 de

87 2797 210 2829 eadem
239 2796 360 2829 villa.”
414 2797 451 2829 It
479 2797 553 2829 will
583 2797 734 2839 perhaps
763 2797 806 2830 be

87 2840 268 2872 remarked
288 2840 368 2872 that
383 2839 402 2872 1
418 2840 507 2872 have
529 2840 671 2883 printed
688 2841 805 2872 Hona-

87 2887 184 2923 tune,
214 2883 385 2916 Honetun
414 2883 525 2923 there,
555 2883 626 2916 and
648 2884 806 2926 changed

87 2927 117 2959 it
140 2930 177 2959 to
201 2926 403 2965 Houatune,
429 2926 598 2959 Houetun
621 2927 713 2959 here.
763 2927 805 2959 In

884 2278 1047 2320 previous
1063 2279 1175 2317 notes,
1193 2277 1367 2316 however,
1387 2277 1417 2309 it
1432 2276 1495 2308 has
1518 2276 1604 2308 been

885 2321 1068 2353 remarked
1084 2321 1164 2353 that
1179 2322 1240 2353 the
1256 2321 1352 2362 place
1368 2321 1404 2352 in
1428 2320 1602 2362 question,

885 2365 953 2396 and
966 2365 1013 2396 its
1025 2375 1126 2396 name
1141 2364 1246 2403 alike,
1262 2375 1320 2395 are
1333 2364 1413 2402 lost,
1429 2363 1499 2395 and
1512 2364 1602 2401 that,

885 2411 923 2440 at
947 2408 1007 2439 the
1030 2408 1119 2447 best,
1150 2408 1315 2440 Houeton
1341 2408 1370 2439 is
1393 2407 1459 2439 but
1482 2418 1503 2438 a
1526 2417 1603 2439 con-

884 2451 1030 2492 jecture,
1045 2451 1114 2483 and
1126 2451 1233 2483 based
1246 2451 1374 2492 simply
1388 2461 1431 2483 on
1448 2450 1509 2482 the
1526 2461 1602 2482 con-

885 2494 1076 2526 sideration
1111 2495 1191 2526 that
1225 2494 1382 2532 Houton,
1420 2494 1600 2530 Houetun,

885 2537 1038 2576 Hutton,
1079 2538 1168 2570 have
1205 2548 1300 2570 more
1335 2536 1603 2569 verisimilitude

885 2581 972 2613 than
988 2581 1134 2613 Honton
1150 2592 1189 2613 or
1201 2581 1382 2613 Honetun.

927 2624 938 2644 ¹
962 2624 1060 2666 Copy
1076 2625 1112 2657 of
1127 2625 1199 2656 this
1215 2624 1353 2656 charter
1370 2624 1400 2655 is
1415 2622 1601 2665 preserved

883 2667 920 2699 in
943 2667 1184 2700 Dodsworth‘s
1207 2667 1428 2705 Collections,
1455 2666 1522 2698 vol.
1540 2666 1598 2697 vii.

882 2711 906 2742 f.
926 2712 998 2750 136,
1017 2711 1086 2743 and
1103 2711 1175 2743 will
1191 2710 1234 2742 be
1250 2710 1392 2752 printed
1408 2709 1518 2741 below
1533 2709 1601 2747 (see

883 2754 950 2786 No.
975 2754 1121 2794 eccm).
1170 2754 1330 2786 Another
1353 2753 1502 2790 charter,
1528 2752 1601 2783 also

883 2798 1062 2839 pertinent
1088 2801 1125 2829 to
1153 2798 1214 2829 the
1241 2808 1335 2829 same
1362 2799 1503 2833 matter,
1532 2795 1601 2826 and

883 2841 1028 2873 derived
1044 2841 1133 2873 from
1149 2841 1210 2872 the
1226 2851 1319 2872 same
1336 2849 1468 2877 source,
1487 2849 1600 2870 eman-

882 2885 981 2926 ating
1003 2884 1093 2916 from
1109 2884 1264 2916 Richard
1288 2882 1442 2916 Cumin's
1461 2881 1597 2918 widow,

883 2927 956 2959 will
970 2927 1044 2960 also
1059 2927 1102 2959 be
1117 2928 1220 2969 given
1236 2937 1273 2958 as
1290 2926 1355 2958 No.
1376 2933 1523 2958 ccxcru.
