2033 3242
362 261 442 297 418
809 265 919 295 CART
926 263 1122 294 ULARIUM
1144 263 1449 294 RIEVALLENSE.

361 389 381 413 a
422 379 602 424 tempore
650 371 910 411 confectionis
961 373 1079 408 cartae
1127 369 1326 420 praedietae
1373 369 1578 420 hucusque
1625 369 1751 420 quieti
1798 369 1881 407 fue-

364 433 469 476 runt,
491 428 534 466 in
553 427 740 466 maneriis
760 424 972 477 praedictiS,
995 423 1045 462 de
1065 423 1365 475 expeditatione
1389 438 1543 472 canum,
1565 430 1607 463 et
1626 425 1676 463 (16
1696 424 1879 463 omnibus

363 483 449 522 aliis
480 481 612 521 assisis
649 481 807 519 forestae
845 478 1045 530 praedictae
1060 492 1070 526 3
1108 483 1149 516 et
1186 477 1260 516 1106
1299 483 1544 530 praeparatus
1582 483 1643 517 est
1675 478 1880 517 verificare

365 551 435 589 per
472 536 675 575 ministros
724 533 904 585 ejusdem
951 532 1122 571 forestae.
1199 531 1296 570 Ideo
1343 532 1570 583 inquiratur
1615 533 1762 571 veritas
1809 545 1881 583 per

363 590 524 630 eosdem
558 595 632 629 etc.
691 588 781 636 Qui,
804 587 898 635 scil,
920 586 1131 635 forestarii,
1152 585 1333 625 viridarii
1356 591 1397 625 et
1425 587 1714 638 regardatores,
1735 586 1784 625 ad
1805 586 1878 625 hoc

366 645 520 684 onerati
535 650 574 682 et
586 643 723 694 jurati,
742 642 883 681 dicunt
898 655 1017 692 super
1046 646 1338 680 sacramentum
1368 654 1484 679 suum
1513 641 1620 692 quod
1648 655 1672 679 a
1700 647 1878 692 tempore

365 713 444 750 quo
464 713 545 738 non
566 702 680 737 extat
698 697 891 735 memoria
910 709 1066 747 semper
1085 700 1372 746 praesentatum
1391 695 1470 733 fuit
1490 696 1540 734 ad
1566 695 1880 734 attachiamenta

364 754 480 792 istius
500 753 657 791 forestae
679 751 728 790 de
748 751 911 790 canibus
927 749 1107 801 praedicti
1126 750 1297 789 Abbatis
1313 755 1353 788 et
1368 750 1702 801 praedecessorum
1717 763 1878 788 suorum

365 808 414 847 de
430 807 615 846 maneriis
637 806 718 845 suis
738 805 803 844 del
823 805 1004 855 Mari-cys
1024 817 1106 842 11011
1135 803 1388 855 expeditatis,
1411 809 1451 842 et
1471 804 1686 854 aliquando
1706 803 1878 842 ministri

367 862 548 912 ejusdcm
569 861 726 899 forestae
757 864 1010 898 accesserunt
1037 857 1189 897 ibidem
1216 858 1268 896 ad
1298 872 1412 896 canes
1442 858 1652 910 praedictos
1672 858 1878 903 videndos,

367 922 428 955 set
448 916 554 954 idem
575 915 712 953 Abbas
732 928 803 952 nec
824 913 968 964 aliquis
988 912 1325 964 praedecessormn
1345 926 1509 951 5110111111
1529 925 1708 963 unquam
1727 911 1879 962 aliquid

367 970 584 1016 solverunt,
608 983 678 1007 5611
699 970 819 1007 finem
840 968 1022 1007 fecerunt
1051 981 1140 1005 cum
1160 968 1227 1014 615,
1250 980 1321 1017 pro
1342 967 1439 1018 ipsis
1459 980 1539 1005 non
1561 966 1816 1017 expeditatis,
1839 972 1880 1004 et

366 1026 459 1063 licet
486 1024 593 1063 idem
613 1023 750 1062 Α111165
778 1022 842 1061 vel
872 1021 1180 1073 praedecessores
1209 1022 1270 1059 sui
1299 1021 1501 1060 amerciati
1529 1021 1700 1059 fuissent
1727 1020 1801 1059 hac
1830 1020 1879 1059 de

369 1092 495 1126 causa,
518 1083 654 1116 tamen
675 1076 892 1128 aliquando
921 1090 992 1127 per
1011 1075 1183 1114 donum1
1206 1088 1323 1114 suum
1344 1075 1512 1115 Custodi
1532 1075 1676 1123 Castri,
1698 1074 1763 1113 vel
1792 1075 1880 1125 ejus

367 1134 499 1173 locum
528 1132 694 1179 tenenti,
731 1131 801 1182 qui
828 1144 901 1182 pro
931 1136 1111 1181 tempore
1145 1130 1279 1176 fuerit,
1312 1129 1465 1177 datum,
1497 1134 1537 1168 et
1566 1128 1781 1180 aliquando
1811 1142 1881 1179 per

368 1188 546 1226 favorem
594 1186 822 1233 eorundem,
864 1185 986 1223 nichil
1025 1184 1242 1223 solverunt.
1321 1184 1419 1223 Ideo
1461 1184 1613 1227 dictum
1652 1188 1714 1223 est
1751 1183 1879 1222 eidem

368 1242 518 1281 Abbati
538 1240 645 1291 quod
666 1245 853 1292 expectet
872 1239 966 1278 inde
983 1238 1180 1289 judicium
1200 1252 1317 1277 suum
1336 1239 1400 1277 1116
1421 1238 1485 1277 (116
1505 1238 1630 1276 Lunae
1651 1237 1879 1289 proximum

367 1302 458 1347 post
477 1309 654 1334 mensem
676 1295 837 1333 Paschae
858 1299 930 1332 etc.
990 1293 1055 1331 Ad
1072 1307 1192 1344 quem
1212 1293 1331 1341 diem,
1349 1293 1456 1344 apud
1474 1292 1726 1344 Pykerynge,
1749 1305 1880 1331 coram

370 1351 545 1401 prietatis
575 1349 747 1387 Ricardo
776 1349 826 1387 de
855 1347 1091 1398 XVylughby
1121 1353 1161 1386 et
1189 1347 1375 1386 Johanne
1405 1347 1454 1386 de
1484 1347 1739 1386 Shardelowe
1769 1347 1880 1385 venit

368 1405 583 1455 praedictus
602 1403 739 1442 Abbas
769 1416 839 1454 per
868 1407 1117 1441 attornatum
1146 1415 1273 1449 suum,
1297 1407 1338 1440 et
1366 1414 1484 1452 super
1511 1401 1585 1440 1106
1606 1401 1724 1440 datus
1745 1405 1806 1439 est
1825 1401 1880 1439 eis

368 1459 452 1498 dies
473 1459 547 1506 hic,
570 1458 634 1496 die
654 1457 682 1496 J
686 1457 770 1496 ovis
790 1456 1020 1508 proximum
1041 1460 1131 1507 post
1151 1456 1323 1494 Octabas
1344 1456 1640 1495 Purificationis
1660 1456 1702 1494 B.
1727 1455 1877 1503 Mariae,

369 1513 417 1552 de
436 1513 586 1564 judicio
607 1525 678 1551 5110
697 1511 791 1550 inde
812 1510 1012 1550 audiendo
1032 1516 1104 1549 etc.
1164 1510 1231 1549 Ad
1247 1524 1365 1561 quem
1386 1510 1504 1559 diem,
1522 1510 1628 1561 apud
1649 1510 1879 1561 Pykeryng,

369 1581 502 1606 coram
521 1567 714 1618 praedicto
735 1565 762 1604 J
766 1565 922 1604 ohanne
943 1565 993 1604 de
1014 1564 1226 1615 Hanibury
1246 1565 1357 1603 venit
1378 1565 1574 1603 Ricardus
1595 1564 1644 1603 de
1664 1564 1703 1602 la
1722 1563 1820 1602 Pole
1840 1570 1879 1602 et

369 1621 538 1672 protulit
570 1621 691 1660 breve
721 1620 886 1659 Domini
917 1619 1038 1671 Regis
1072 1624 1226 1669 patens,
1261 1619 1370 1670 quod
1404 1619 1497 1657 alibi
1532 1619 1778 1666 irrotulatur,
1811 1631 1881 1669 per

370 1676 476 1726 quod
496 1676 616 1714 breve
637 1675 833 1713 Dominus
853 1674 943 1712 Rex
967 1674 1176 1712 constituit
1204 1673 1335 1724 ipsum
1356 1673 1573 1711 Ricardum
1594 1673 1680 1711 loco
1699 1672 1880 1723 praedicti

369 1730 567 1769 Johannis
587 1729 637 1768 de
658 1728 912 1768 Shardelowe
932 1727 983 1766 ad
1004 1727 1284 1766 Itinerandum
1304 1727 1343 1765 in
1365 1728 1514 1766 foresta
1533 1728 1620 1775 ista,
1643 1727 1762 1765 simul
1790 1740 1880 1765 cum

370 1784 456 1823 aliis
476 1783 719 1822 Justiciariis
740 1783 906 1830 duobus,
926 1782 989 1820 vel
1009 1795 1088 1820 uno
1109 1795 1253 1820 eorum.
1316 1781 1529 1820 Mandavit
1544 1781 1664 1819 etiam
1680 1780 1880 1819 Dominus

370 1839 458 1878 Rex
479 1837 681 1889 quoddam
707 1838 827 1876 breve
857 1837 1033 1875 clausum
1063 1836 1239 1886 praefatis
1265 1835 1286 1874 ,J
1296 1836 1508 1874 usticiariis
1528 1835 1696 1883 duobus,
1719 1835 1783 1873 vel
1809 1835 1878 1873 uni

371 1907 518 1940 corum,
559 1892 609 1931 de
652 1893 738 1943 ipso
776 1891 948 1930 Ricardo
987 1890 1036 1929 de
1074 1890 1112 1928 16
1149 1890 1246 1929 Pole
1284 1891 1325 1928 in
1369 1890 1531 1937 socium,
1571 1890 1657 1928 loco
1699 1888 1880 1940 praedicti

371 1947 569 1986 ‚Iohannis
597 1946 648 1985 de
677 1946 944 1993 Shardelowe,
975 1944 1283 1992 admittendum,
1315 1944 1423 1995 quod
1452 1943 1636 1983 similiter
1665 1943 1758 1982 alibi
1787 1943 1881 1982 irro-

372 2002 546 2040 tulatur:
582 2001 733 2039 virtute
771 2001 887 2051 cujus
924 1999 1056 2038 brevis
1102 1999 1315 2049 praedictus
1348 1998 1375 2036 ‚J
1380 1998 1555 2037 ohannes
1589 1998 1638 2036 (16
1671 1998 1881 2046 Hambury

372 2056 554 2094 admissit
581 2055 818 2107 praedictum
847 2053 1064 2092 Ricardum
1085 2053 1134 2091 (16
1163 2053 1201 2091 la
1230 2053 1339 2099 Pole,
1368 2053 1454 2091 loco
1483 2051 1665 2104 praedicti
1683 2052 1881 2091 Johannis

372 2110 422 2148 de
453 2109 719 2156 Shardelowe,
743 2109 784 2146 in
806 2108 966 2156 socium,
990 2108 1041 2146 ad
1072 2108 1276 2159 praeniissa
1309 2107 1537 2145 faciendum
1571 2112 1642 2145 etc.
1703 2106 1757 2144 Et
1787 2119 1882 2157 pra*-

372 2164 501 2202 dictus
522 2164 659 2202 Abbas
679 2164 792 2202 venit
812 2176 883 2214 per
902 2168 1151 2202 attornatum
1180 2175 1292 2200 suam
1309 2177 1315 2200 :
1346 2161 1399 2199 Et
1419 2161 1537 2200 datus
1558 2166 1618 2199 est
1638 2160 1674 2199 ei
1703 2160 1787 2199 dies
1817 2160 1880 2198 hic

372 2224 457 2262 etc„
491 2218 555 2257 die
575 2218 765 2257 Mercurii
795 2217 1024 2268 proximum
1053 2222 1144 2267 post
1171 2216 1319 2254 festum
1349 2216 1604 2254 Ascensionis
1625 2214 1800 2262 Domini,
1831 2214 1881 2253 dc

372 2272 522 2322 judicio
552 2286 621 2310 suo
651 2273 692 2310 in
723 2272 794 2310 hac
825 2276 937 2321 parte
958 2270 1170 2309 audiendo.
1228 2269 1294 2308 Ad
1316 2283 1435 2320 quem
1464 2270 1571 2308 diem
1600 2269 1758 2320 loquela
1786 2282 1881 2319 pra*—

372 2326 479 2364 slicta
498 2327 690 2364 remansit
710 2327 794 2364 sine
815 2326 880 2364 die
909 2338 979 2376 per
1000 2325 1221 2363 absentiam
1251 2324 1574 2363 .'Justicia1·i0r11111
1604 2328 1676 2362 etc.
1736 2323 1882 2361 Postea

373 2380 569 2419 Dominus
589 2380 678 2418 Rex
697 2379 907 2418 mandavit
925 2379 1092 2430 praefato
1108 2378 1280 2417 Ricardo
1297 2378 1346 2416 (le
1366 2378 1616 2429 Wylughby,
1634 2378 1812 2416 Roberto
1832 2377 1880 2415 (16

377 2434 646 2486 Hungerford,
669 2434 696 2472 J
700 2434 855 2472 ohanne
886 2433 934 2472 (16
964 2433 1186 2483 Hambury,
1220 2438 1260 2471 et
1288 2432 1460 2470 Ricardo
1490 2432 1539 2470 de
1568 2432 1606 2470 la
1634 2431 1732 2470 Pole
1761 2432 1881 2470 breve

373 2502 489 2527 suum
519 2488 568 2527 de
592 2489 742 2527 Itinere
771 2487 962 2538 praedicto
990 2487 1239 2534 resumendo,
1263 2486 1370 2537 quod
1392 2486 1555 2537 quidem
1584 2487 1704 2525 breve
1726 2485 1820 2524 alibi
1839 2485 1881 2523 in

373 2543 449 2581 isto
480 2543 629 2581 Itinere
661 2542 923 2581 irrotulatur:
963 2541 1027 2580 Ita
1058 2541 1166 2591 quod
1201 2541 1348 2592 placita
1381 2546 1422 2578 et
1459 2554 1666 2591 processus
1700 2539 1880 2590 ejusdem

372 2597 534 2636 Itineris
555 2596 741 2635 inchoata
760 2601 800 2634 et
820 2609 900 2634 non
921 2595 1098 2634 discussa
1119 2600 1252 2634 essent
1271 2594 1335 2632 hic
1355 2594 1406 2633 ad
1428 2594 1533 2633 hunc
1554 2595 1660 2633 diem
1681 2599 1766 2641 etc„
1785 2593 1881 2638 scil„

372 2650 436 2690 die
456 2650 579 2690 Luna}
600 2651 829 2702 proximum
849 2656 940 2701 post
959 2649 1107 2688 festum
1129 2650 1166 2688 S.
1190 2649 1362 2687 Andreae
1382 2649 1579 2700 Apostoli,
1602 2648 1656 2688 ΑΟ
1670 2662 1699 2686 1.
1718 2647 1881 2686 Domini

373 2704 493 2757 Regis
530 2719 636 2744 nunc
670 2705 834 2752 decimo,
875 2704 917 2742 in
951 2703 1092 2742 eodem
1126 2708 1235 2741 statu
1269 2716 1348 2754 quo
1386 2703 1551 2741 fuerunt
1589 2702 1779 2753 praedicto
1818 2701 1881 2739 die

373 2759 562 2798 Mercurii
575 2759 757 2811 proximo
771 2762 861 2810 post
872 2757 1021 2797 festum
1034 2757 1289 2796 Ascensionis
1303 2757 1467 2795 Domini
1482 2758 1711 2807 proximum
1724 2761 1882 2807 11166161-

374 2813 486 2861 itum,
510 2813 616 2865 apud
640 2813 870 2863 Pykeryng,
893 2825 971 2862 quo
993 2812 1057 2850 die
1078 2817 1358 2850 remanserunt
1378 2812 1462 2849 51116
1483 2812 1547 2849 (116
1569 2825 1639 2861 per
1660 2810 1880 2849 absentiam

371 2866 694 2906 Justiciariorum
716 2867 1008 2918 praedictorum,
1031 2865 1126 2904 alibi
1157 2866 1207 2904 dc
1237 2865 1426 2904 mandato
1448 2865 1612 2904 Domini
1633 2865 1753 2916 Regis·
1783 2864 1881 2902 exis-

786 2937 797 2957 1
823 2937 839 2969 Ι
856 2936 960 2968 think
978 2937 1050 2968 this
1066 2937 1095 2968 is
1112 2936 1173 2968 thc
1190 2937 1284 2978 right
1303 2936 1456 2979 reading.
