2033 3242
389 254 470 292 396
823 264 934 294 cART
941 263 1136 293 ULARIUM
1157 263 1463 294 RIEVALLENSE.

388 370 430 405 et
448 370 680 405 tenementa
700 367 1005 417 pertinentibus,
1029 367 1132 405 sicut
1152 372 1271 405 cartae
1291 367 1509 406 eorundem
1529 367 1781 414 donatorum,
1803 378 1903 417 quas

388 419 511 459 iidem
544 421 733 459 Monachi
766 421 862 459 inde
892 421 1054 468 habent,
1090 421 1383 459 rationabiliter
1421 426 1633 470 testantur,
1665 422 1769 459 sicut
1806 433 1903 471 prae-

389 473 542 512 dictum
577 480 646 513 est.
707 475 797 512 Hiis
831 475 875 513 T.
942 474 1129 513 Johanne
1160 474 1384 522 Maunsell',
1419 475 1639 526 Praeposito
1672 473 1902 522 Beverlaci;

389 528 605 579 Radulpho
650 528 731 567 filio
771 528 956 567 Nicholai
974 544 984 577 3
1026 529 1223 580 Magistro
1266 527 1537 582 W[ille]mo]1
1586 530 1636 568 de
1679 529 1900 578 Kilkenny‚

390 581 682 621 Archidiacono
731 582 946 631 Coventr.;
993 582 1180 621 Johanne
1227 582 1277 621 de
1324 582 1577 631 Lexintona,
1624 583 1806 622 Gilberto
1853 582 1904 620 de

390 635 564 686 Segrave
579 651 589 685 3
618 636 796 675 Roberto
826 636 875 675 de
904 637 1165 687 Muscegros3
1198 637 1375 675 Roberto
1404 636 1683 691 Waler[and];
1720 636 1904 676 Ebulone

389 689 439 728 de
471 690 706 738 Montibus;
736 691 916 729 Roberto
945 691 981 729 le
1010 691 1199 729 Norreis:
1234 695 1275 729 et
1304 690 1404 729 aliis.
1462 690 1615 729 Datum
1644 705 1714 742 per
1741 703 1905 730 manum

389 749 568 782 nostram
589 744 695 795 apud
716 744 1007 792 VVffldesoram,
1030 745 1102 783 xxi
1122 745 1186 783 die
1207 744 1316 783 Maii.

445 879 506 917 71.
542 875 657 929 [Feet
685 877 726 915 of
754 877 883 915 Fines.
943 877 1061 916 Ebor.
1123 879 1241 915 31-36
1272 876 1396 915 Henr.
1420 886 1480 915 III.
1515 875 1667 930 [1251]‚
1697 877 1771 915 No.
1798 874 1905 928 161.]

392 931 488 970 Haec
505 936 566 969 est
586 961 594 969 .
619 962 626 970 .
651 961 659 969 .
682 931 790 981 apud
805 931 936 978 Ebor.,
954 931 996 969 in
1013 931 1175 970 Octabis
1193 931 1229 969 S.
1247 930 1426 977 Martini,
1444 931 1493 969 A.
1509 944 1537 969 r.
1556 931 1678 982 Regis
1699 931 1820 969 Henr.
1841 940 1903 968 ΙΙΙ.

391 985 590 1024 tricesimo
620 990 747 1032 sexto,
771 999 903 1023 coram
933 985 1127 1033 Silvestri,
1151 985 1318 1023 Karliol.
1342 984 1538 1035 Episcopo
1569 984 1627 1038 [as
1653 985 1692 1022 in
1723 984 1796 1023 No.
1822 982 1903 1036 69],

393 1040 506 1078 Inter
534 1038 679 1086 Adam,
702 1039 903 1078 Abbatem
932 1039 981 1077 de
1010 1039 1215 1089 Ryevalle,
1238 1044 1484 1089 querentem,
1512 1044 1552 1077 et
1580 1038 1829 1076 XViHelmum
1857 1037 1907 1076 de

393 1094 593 1140 Fortibus,
616 1092 816 1132 Comitem
837 1093 1104 1141 Albemarliae,
1127 1093 1176 1131 de
1205 1093 1280 1131 hoc
1310 1093 1418 1143 quod
1447 1093 1554 1131 idem
1574 1092 1711 1131 Abbas
1740 1096 1907 1143 questus

393 1147 472 1186 fuit
493 1147 601 1198 quod
623 1147 834 1197 praedictus
855 1147 997 1186 Comes
1018 1147 1229 1185 distrinxit
1248 1148 1379 1197 ipsum
1407 1146 1457 1184 ad
1486 1146 1716 1185 faciendum
1744 1146 1780 1185 ei
1809 1145 1907 1184 alias

395 1201 705 1241 consuetudines
724 1201 789 1239 vel
818 1201 982 1240 servitia
1011 1215 1131 1251 quam
1161 1201 1197 1239 ei
1227 1202 1357 1239 facere
1387 1200 1508 1239 debet
1536 1201 1585 1239 de
1615 1206 1703 1239 octo
1732 1200 1847 1238 toftis
1867 1203 1908 1238 et

394 1269 474 1294 una
494 1261 677 1293 carucata
696 1260 811 1293 terrae
841 1287 848 1294 .
881 1284 889 1292 .
923 1287 930 1294 .
963 1256 1004 1293 in
1038 1255 1299 1302 Ledbreston,
1322 1255 1335 1293 i
1356 1255 1460 1292 tofto
1492 1260 1532 1292 et
1564 1255 1745 1292 ibovata
1779 1258 1905 1301 terrae,

477 1341 485 1349 .
516 1309 559 1347 in
597 1309 836 1360 Angodeby,
877 1323 965 1360 quae
1001 1309 1109 1348 idem
1147 1309 1285 1347 Abbas
1322 1313 1436 1347 tenet
1472 1308 1522 1347 de
1560 1308 1679 1347 feodo
1726 1307 1908 1358 ejusdem

397 1363 576 1410 Comitis,
600 1368 641 1401 et
670 1377 756 1413 quae
787 1363 951 1401 servitia
969 1363 1077 1401 idem
1098 1362 1241 1402 Comes
1262 1363 1449 1414 exigebat
1469 1362 1518 1401 de
1538 1363 1730 1413 praedicto
1749 1362 1908 1400 Abbate

397 1431 468 1468 pro
497 1417 700 1456 Willelmo
738 1417 820 1456 filio
849 1417 1043 1455 Willelmi
1082 1417 1131 1455 de
1169 1417 1314 1464 Atona,
1347 1423 1388 1455 et
1416 1417 1599 1455 Beatrice
1637 1416 1719 1454 filia
1747 1415 1908 1466 Rogeri,

397 1484 567 1521 quorum
605 1476 870 1509 antecessores
906 1476 1123 1509 tenuerunt
1162 1471 1351 1522 praedicta
1388 1475 1619 1509 tenementa
1655 1470 1705 1509 de
1737 1475 1909 1508 anteces-

398 1525 553 1564 soribus
582 1525 763 1576 praedicti
792 1525 972 1572 Comitis,
1004 1531 1043 1563 et
1077 1525 1184 1563 unde
1213 1525 1404 1575 placitum
1433 1525 1512 1563 fuit
1542 1524 1769 1571 etc.—scil.,
1800 1523 1909 1574 quod

398 1579 612 1630 praedictus
644 1579 781 1617 Abbas
814 1579 1047 1630 recognovit
1080 1584 1122 1618 et
1154 1579 1349 1617 concessit
1379 1592 1451 1629 pro
1485 1592 1539 1625 se,
1574 1583 1660 1626 ete,
1694 1577 1801 1629 quod
1833 1577 1909 1628 ipsi

397 1633 447 1671 de
476 1638 620 1671 caetero
646 1633 795 1671 facient
824 1633 954 1671 eidem
983 1633 1132 1672 Comiti
1161 1638 1202 1671 et
1230 1633 1455 1671 haeredibus
1485 1633 1576 1679 suis,
1609 1646 1681 1683 pro
1708 1631 1909 1682 praedictis

397 1687 649 1734 tenementis,
668 1688 891 1738 scutagium
907 1692 1103 1737 quantum
1118 1687 1294 1737 pertinet
1309 1693 1351 1724 at
1366 1687 1378 1724 i
1395 1692 1619 1725 carucatam
1633 1692 1674 1724 et
1693 1686 1705 1723 i
1722 1686 1909 1724 bovatam

398 1746 524 1789 terrae,
555 1741 662 1779 unde
692 1741 748 1779 xii
770 1747 961 1779 carucatae
990 1746 1107 1779 terrae
1135 1741 1289 1779 faciunt
1318 1741 1481 1778 feodum
1509 1741 1628 1778 unius
1657 1740 1808 1787 militis,
1836 1752 1909 1790 pro
1974 1780 1978 1784 ,

397 1795 505 1834 omni
525 1795 701 1843 servitio,
726 1800 832 1833 secta
851 1795 983 1834 Curiae
1014 1825 1022 1833 .
1054 1826 1061 1834 .
1094 1826 1101 1833 .
1135 1795 1185 1833 ad
1216 1794 1450 1846 praedictum
1472 1794 1671 1832 Comitem
1701 1825 1708 1832 .
1741 1825 1748 1832 .
1783 1824 1790 1832 .
1823 1806 1909 1844 per-

398 1849 561 1887 tinente.
605 1849 658 1886 Et
678 1862 750 1900 pro
769 1849 842 1887 hac
863 1849 1145 1900 recognitione,
1165 1853 1252 1895 etc,
1270 1848 1377 1886 idem
1398 1848 1540 1887 Comes
1561 1847 1765 1894 concessit,
1782 1860 1854 1898 pro
1868 1860 1908 1884 se

397 1907 437 1941 et
465 1903 690 1942 haeredibus
725 1904 817 1951 suis,
850 1903 957 1954 quod
990 1903 1066 1954 ipsi
1100 1903 1150 1941 de
1189 1907 1330 1941 caetero
1362 1902 1692 1948 warantizabunt,
1725 1906 1798 1940 etc.
1855 1900 1910 1939 Et

398 1963 591 2008 praeterea
627 1957 735 1996 idem
769 1957 912 1996 Comes
950 1957 1104 1995 remisit
1142 1961 1183 1995 et
1220 1957 1402 2006 quietum
1441 1956 1629 1994 clamavit
1661 1956 1710 1993 de
1744 1968 1785 1993 se
1815 1986 1822 1993 .
1857 1985 1865 1993 .
1897 1984 1905 1992 .

397 2012 548 2050 Abbati
578 2042 586 2050 .
621 2041 628 2049 .
661 2042 668 2049 .
701 2016 742 2049 et
770 2011 955 2049 Ecclesiae
976 2025 1056 2049 suae
1077 2010 1276 2062 praedictae
1296 2016 1427 2048 totum
1447 2011 1512 2061 jus
1532 2016 1572 2048 et
1594 2009 1780 2048 clamium
1801 2007 1909 2059 quod

397 2065 539 2103 habuit
577 2065 764 2116 exigendi
803 2065 955 2115 aliquid
994 2065 1104 2103 aliud
1141 2065 1350 2103 servitium
1389 2064 1438 2102 de
1477 2063 1618 2102 eodem
1651 2063 1812 2101 Abbate
1845 2061 1910 2100 vel

397 2120 686 2157 successoribus
704 2120 796 2166 suis,
814 2133 886 2169 pro
907 2119 1106 2170 praedictis
1126 2118 1377 2165 tenementis,
1395 2124 1660 2169 praeterquam
1676 2117 1909 2167 praedictum

397 2174 630 2223 scutagium,
672 2173 736 2211 vel
774 2174 895 2211 etiam
934 2186 1007 2224 pro
1053 2172 1254 2224 praedictis
1293 2172 1498 2210 Willelmo
1536 2177 1577 2210 et
1614 2171 1806 2218 Beatrice,
1846 2169 1910 2208 vel

398 2226 623 2265 haeredibus
661 2228 742 2265 suis
781 2227 1087 2278 imperpetuum.
1159 2227 1213 2265 Et
1250 2231 1443 2277 praeterea
1480 2225 1587 2264 idem
1624 2225 1761 2263 Abbas
1799 2223 1912 2263 dedit

398 2280 588 2331 praedicto
609 2281 756 2320 Comiti
778 2295 831 2319 xx
851 2295 1002 2320 marcas
1023 2281 1186 2332 argenti.

454 2406 515 2443 72.
550 2404 694 2457 [Pedes
722 2404 892 2443 Finium.
953 2405 1071 2443 Ebor.
1132 2406 1248 2442 31-36
1281 2403 1404 2442 Henr.
1429 2413 1488 2441 ΙΙΙ.
1523 2401 1676 2455 [1251],
1702 2402 1776 2441 No.
1803 2399 1910 2453 159.]

399 2457 495 2496 Haec
526 2466 585 2496 est
615 2489 622 2496 .
656 2489 664 2497 .
694 2490 702 2497 .
736 2459 843 2509 apud
872 2459 1003 2505 Ebor.,
1026 2459 1067 2496 in
1097 2458 1270 2496 crastino
1302 2458 1337 2496 S.
1373 2457 1541 2495 Martini
1576 2458 1623 2495 A.
1655 2470 1683 2494 r.
1714 2456 1760 2494 R.
1785 2455 1905 2493 Henr.

399 2522 459 2550 ΙΙΙ.
492 2513 692 2550 tricesimo
721 2518 847 2559 sexto,
881 2512 1026 2551 Coram
1058 2511 1116 2564 [as
1145 2511 1289 2564 before}
1314 2511 1425 2549 Inter
1454 2511 1597 2556 Adam,
1628 2510 1829 2548 Abbatem
1859 2507 1909 2546 de

398 2565 601 2616 Ryevalle,
635 2572 881 2616 querentem,
919 2572 959 2604 et
996 2565 1257 2604 Eustachium
1297 2565 1346 2603 de
1385 2565 1574 2614 Buskeby
1613 2570 1654 2602 et
1691 2564 1908 2608 Julianam,

398 2632 566 2658 uxorem
600 2620 697 2670 ejus,
733 2620 1008 2670 impedientes,
1046 2619 1095 2657 de
1129 2619 1267 2657 itofto
1303 2625 1343 2657 et
1376 2619 1389 2656 i
1422 2619 1569 2657 bovata
1602 2623 1719 2656 terrae
1747 2648 1754 2655 .
1788 2647 1795 2655 .
1828 2647 1836 2655 .
1868 2615 1909 2653 in

397 2673 603 2724 Buskeby,
631 2673 737 2711 unde
773 2674 963 2724 placitum
993 2673 1195 2711 warantiae
1235 2679 1352 2711 cartae
1386 2672 1675 2710 summonitum
1709 2670 1788 2708 fuit
1817 2701 1824 2708 .
1859 2699 1867 2706 .
1899 2698 1907 2706 .

397 2727 493 2775 sciL,
516 2727 623 2778 quod
651 2727 831 2777 praedicti
861 2727 1100 2765 Eustachius
1127 2732 1168 2765 et
1187 2727 1351 2764 Juliana
1377 2730 1696 2777 recognoverunt
1721 2723 1911 2775 praedicta

396 2781 545 2819 toftum
567 2787 607 2820 et
626 2787 775 2819 terram
806 2813 813 2819 .
847 2812 854 2819 .
886 2812 893 2819 .
928 2795 1011 2819 esse
1039 2781 1105 2831 jus
1125 2781 1248 2831 ipsius
1270 2781 1440 2819 Abbatis
1469 2786 1510 2818 et
1538 2779 1722 2818 Ecclesiae
1752 2790 1831 2815 suae
1860 2775 1909 2814 de

438 2884 450 2903 1
478 2885 672 2915 “william
705 2884 747 2915 de
773 2884 954 2925 Kilkenny
983 2885 1064 2915 held
1097 2885 1156 2916 the
1188 2884 1284 2915 office
1316 2884 1351 2915 in
1383 2885 1474 2915 1:248.
1528 2883 1583 2914 He
1615 2891 1684 2913 was
1715 2879 1846 2920 Bishop
1876 2878 1913 2910 of

396 2927 463 2968 Ely
480 2927 516 2958 in
536 2928 751 2959 1255.’⁷—Le
767 2927 875 2959 Neve.
