2033 3242
382 328 463 366 364
815 335 1130 367 CARTULARIUM
1150 335 1456 366 RIEVALLENSE.

379 440 620 492 disponendi
647 439 698 479 de
725 439 804 478 illis
832 439 1001 479 liberam
1021 439 1232 491 optineant
1248 438 1494 479 facultatem.
1553 439 1752 478 Interiora
1771 438 1895 478 etiam

381 494 614 544 ministeria,
635 499 778 545 utpote
797 493 1173 542 Archidiaconatus,
1195 493 1436 541 Decanatus,
1468 498 1508 532 et
1529 493 1606 532 alia
1625 507 1714 544 quae
1742 492 1896 532 habent

381 549 605 588 animarum
625 561 763 587 curam
782 547 993 595 adnexam,
1014 547 1149 586 nullus
1178 547 1341 586 omnino
1364 547 1564 598 suscipiat,
1587 548 1656 586 sed
1683 560 1756 586 nec
1783 559 1898 598 paro-

381 602 570 642 chialium
601 602 781 653 regimen
809 601 1072 650 ecclesiarum,
1104 601 1181 640 nisi
1214 601 1283 651 qui
1306 600 1493 655 xxv[ssum]
1522 614 1673 640 annum
1701 600 1894 652 attigerit,

382 661 423 695 et
460 656 628 695 scientia
646 660 688 694 et
724 655 903 694 moribus
941 655 1269 694 commendabilis
1308 655 1466 694 existat.
1526 653 1585 708 [4]
1619 655 1723 695 Cum
1760 659 1897 694 autem

380 714 609 761 assumptus
637 709 772 758 fuerit,
804 709 838 748 si
864 709 1183 748 Archidiaconus
1213 709 1256 748 in
1289 708 1498 748 diaconem
1525 708 1618 762 [sic]
1651 709 1825 748 decanus
1856 712 1898 748 et

381 763 526 815 reliqui
538 763 748 802 ammoniti
767 776 849 802 non
867 763 1020 802 fuerint
1039 764 1203 815 praefixo
1223 777 1247 802 a
1265 763 1483 802 canonibus
1502 767 1681 814 tempore
1696 763 1738 801 in
1750 762 1900 814 presbi-

382 823 489 856 teros
518 817 706 865 ordinati,
727 822 769 856 et
797 817 847 856 ab
875 817 945 856 illo
974 822 1257 857 removeantur
1285 817 1423 865 officio,
1447 821 1489 856 et
1516 816 1585 855 alii
1613 818 1803 856 offeratur
1828 816 1899 867 qui

381 871 481 910 velit
509 875 550 910 et
577 871 705 922 possit
737 871 1023 910 convenienter
1050 871 1153 910 illud
1180 870 1358 923 implere.
1414 870 1501 910 Nec
1528 871 1656 921 prosit
1684 871 1739 910 eis
1768 869 1901 922 appel-

381 925 544 964 lationis
564 925 787 977 diffugium,
809 925 843 964 si
871 925 975 964 forte
1003 926 1046 964 in
1074 925 1431 987 transgressionem
1456 925 1754 964 constitutionis
1773 925 1900 976 ipsius

383 993 453 1030 per
472 979 784 1031 appellationem
803 979 978 1019 voluerit
997 993 1038 1018 se
1059 980 1174 1020 tueri.
1233 979 1331 1018 Haec
1360 991 1454 1017 sane
1483 992 1565 1018 non
1594 978 1724 1017 solum
1744 978 1794 1017 de
1813 991 1902 1030 pro-

381 1033 604 1081 movendis,
645 1033 715 1072 sed
753 1033 803 1072 de
840 1033 920 1072 illis
959 1034 1028 1084 qui
1060 1034 1146 1085 jam
1182 1038 1276 1072 sunt
1314 1032 1499 1085 promoti,
1539 1033 1574 1071 si
1611 1045 1781 1072 canones
1818 1045 1901 1071 non

381 1087 592 1135 obsistant,
613 1087 864 1139 praecipimus
891 1087 1150 1127 observanda.
1210 1087 1354 1127 Clerici
1382 1100 1488 1135 sane,
1511 1087 1544 1125 si
1573 1091 1713 1126 contra
1730 1086 1901 1125 formam

383 1141 503 1179 istam
519 1155 718 1192 quemque
737 1140 818 1194 [sic]
840 1141 1044 1193 elegerint,
1064 1146 1105 1181 et
1124 1141 1297 1193 eligendi
1317 1146 1414 1180 tunc
1432 1145 1633 1192 potestate
1653 1140 1844 1192 privatos,
1860 1144 1902 1179 et

382 1209 406 1234 a
443 1195 645 1234 beneficiis
684 1195 959 1234 ecclesiasticis
1006 1209 1048 1235 se
1094 1196 1282 1234 noverint
1329 1208 1413 1234 esse
1455 1195 1629 1234 triennio
1677 1206 1900 1245 suspensos.

381 1248 563 1301 Dignum
583 1250 689 1288 enim
714 1253 775 1288 est
803 1254 849 1288 ut
878 1263 976 1300 quos
996 1250 1118 1289 timor
1136 1250 1215 1289 Dei
1234 1263 1257 1289 a
1276 1249 1380 1288 malo
1400 1262 1482 1288 non
1509 1253 1682 1297 revocat,
1706 1247 1904 1287 ecclesias-

383 1303 471 1342 ticae
487 1303 628 1342 saltem
644 1303 850 1343 coherceat
869 1304 1061 1343 severitas
1082 1303 1313 1355 disciplinae.
1371 1303 1603 1354 Episcopus,
1625 1303 1658 1341 si
1678 1307 1750 1341 aut
1763 1301 1904 1341 fecerit

383 1362 525 1395 contra
553 1357 637 1405 hoc,
661 1362 731 1396 aut
760 1358 1006 1397 consenserit
1039 1358 1137 1406 fieri,
1168 1358 1211 1396 in
1240 1357 1492 1397 conferendis
1521 1356 1723 1408 praedictis
1753 1355 1900 1404 officiis,

383 1415 628 1461 potestatem
665 1425 778 1450 suam
816 1412 988 1460 amittat,
1020 1416 1061 1450 et
1099 1416 1169 1451 aut
1207 1425 1277 1463 per
1305 1411 1552 1462 Capitulum,
1583 1415 1653 1450 aut
1682 1410 1804 1449 etiam
1832 1422 1905 1461 per

382 1464 754 1516 Metropolitanum,
777 1465 810 1504 si
829 1479 901 1516 per
920 1466 1154 1517 Capitulum
1173 1465 1352 1505 ordinari
1371 1465 1611 1517 nequierint,
1634 1464 1903 1504 ordinentur}

440 1608 474 1645 4.
507 1616 584 1646 XII.
616 1606 720 1645 Cum
758 1606 949 1658 placitale
987 1620 1140 1645 sacram
1167 1607 1403 1658 religionem
1428 1612 1469 1645 et
1496 1607 1633 1646 fovere
1672 1605 1907 1657 placitatam

383 1660 514 1699 modis
543 1661 729 1699 omnibus
758 1661 987 1708 debeamus,
1009 1674 1218 1711 nunquam
1251 1661 1394 1700 melius
1422 1661 1498 1700 hoc
1527 1660 1767 1711 exequimur
1785 1672 1908 1710 quam

386 1715 420 1753 si
452 1715 608 1753 nutrire
636 1715 678 1753 in
707 1728 753 1753 ea
782 1727 871 1765 quae
904 1720 1015 1753 recta
1048 1721 1154 1762 sunt,
1178 1719 1219 1753 et
1252 1715 1450 1766 corrigeie
1483 1728 1573 1766 quae
1602 1715 1652 1753 ad
1682 1713 1907 1765 profectum

384 1769 550 1807 virtutis
587 1768 825 1819 impediunt,
859 1768 1068 1807 commissa
1104 1769 1218 1807 nobis
1253 1782 1276 1807 a
1304 1769 1391 1807 Deo
1432 1769 1674 1807 auctoritate
1708 1779 1905 1806 curemus.

385 1822 575 1861 Fratrum
604 1822 854 1871 auctoritate,
877 1827 918 1862 et
947 1823 1283 1874 co-episcoporum
1311 1827 1542 1861 nostrorum
1570 1821 1800 1860 vehementi
1820 1834 1909 1860 con-

385 1877 608 1927 questione,
630 1877 893 1927 comperimus
922 1876 1029 1927 quod
1058 1876 1202 1915 fratres
1233 1876 1390 1928 Templi
1423 1881 1464 1915 et
1493 1876 1726 1927 Hospitalis,
1749 1879 1790 1913 et
1810 1874 1908 1922 alii,2

386 1930 583 1982 religiosae
617 1931 873 1982 professionis
906 1930 1066 1969 indulta
1096 1931 1172 1969 sibi
1206 1931 1256 1969 ab
1298 1930 1532 1982 Apostolica
1561 1929 1665 1968 Sede
1698 1928 1910 1980 privilegia

387 1985 639 2033 excedentes,
675 1990 813 2023 contra
851 1985 1117 2036 episcopalem
1155 1985 1437 2023 auctoritatem
1478 1983 1607 2022 multa
1645 1986 1906 2034 praesumunt,

388 2052 478 2089 quae
517 2043 557 2078 et
590 2038 822 2077 scandalum
855 2039 1011 2077 faciunt
1039 2039 1081 2077 in
1111 2038 1258 2089 populo
1291 2038 1380 2086 Dei,
1411 2043 1452 2077 et
1479 2051 1601 2089 grave
1631 2036 1715 2090 [4¹³]
1746 2036 1910 2087 pariunt

388 2093 613 2131 animarum
659 2092 891 2143 periculum.
967 2092 1270 2143 Proposuerunt
1317 2092 1424 2131 enim
1471 2091 1580 2143 quod
1627 2090 1812 2130 ecclesias
1859 2089 1909 2128 de

388 2160 512 2185 manu
530 2147 724 2185 laicorum
751 2147 958 2197 recipiant,
981 2147 1347 2186 excommunicatos
1376 2151 1417 2185 et
1445 2146 1682 2185 interdictos
1706 2144 1757 2183 ad
1787 2157 1911 2182 sacra-

389 2206 527 2239 menta
560 2201 825 2240 ecclesiastica
845 2206 886 2239 et
919 2201 1167 2251 sepulturam
1201 2200 1430 2248 admittant,
1466 2200 1508 2238 in
1546 2199 1700 2238 cunctis
1734 2197 1910 2237 ecclesiis

390 2254 482 2301 suis,
505 2259 651 2306 praeter
670 2268 807 2294 eorum
836 2255 1109 2302 conscientias,
1132 2259 1174 2293 et
1202 2254 1421 2293 instituant
1450 2259 1490 2293 et
1519 2254 1762 2292 admoveant
1790 2264 1912 2290 sacer·

391 2308 518 2355 dotes,
561 2313 601 2346 et
648 2308 839 2347 fratribus
883 2322 1021 2348 eorum
1059 2308 1111 2348 ad
1150 2308 1385 2347 elemosinas
1427 2307 1661 2358 quaerendas
1709 2306 1908 2353 euntibus,

393 2375 485 2400 cum
537 2361 742 2400 indultum
794 2363 847 2401 sit
897 2368 954 2411 ut,
1009 2363 1051 2401 in
1099 2376 1238 2401 eorum
1295 2362 1484 2409 adventu,
1539 2361 1660 2400 semel
1711 2361 1754 2399 in
1806 2372 1911 2398 anno

390 2415 623 2466 aperiantur
670 2416 856 2464 ecclesiae‚
910 2421 1030 2478 atque
1079 2416 1217 2455 divina
1272 2417 1314 2454 in
1361 2417 1416 2455 eis
1464 2415 1715 2454 celebrentur
1772 2413 1909 2461 officia,

392 2469 527 2520 plures
548 2483 597 2507 ex
627 2470 682 2508 eis
712 2470 762 2509 de
791 2484 869 2508 una
898 2471 983 2509 sive
1012 2470 1062 2509 de
1096 2470 1264 2509 diversis
1284 2470 1467 2509 domibus
1498 2469 1641 2520 saepius
1662 2467 1910 2514 accedentes,

392 2523 646 2574 indulgentia
682 2524 984 2575 privilegiorum
1013 2529 1253 2571 nostrorum,
1286 2530 1326 2563 et
1354 2524 1396 2562 in
1426 2523 1674 2562 celebrandis
1704 2521 1841 2561 officiis
1870 2526 1912 2560 et

393 2577 631 2628 sepeliendis
659 2578 840 2626 mortuis,
862 2578 1093 2626 abutantur,
1125 2582 1166 2617 et
1194 2578 1292 2616 item
1321 2577 1427 2629 apud
1460 2577 1694 2616 interdictas
1728 2574 1911 2614 ecclesias

393 2635 571 2670 mortuos
609 2631 776 2682 sepelire
814 2637 1068 2682 praesumant.
1147 2632 1363 2670 Occasione
1402 2644 1560 2682 quoque
1594 2629 1908 2676 fraternitatum,

395 2698 492 2735 quas
526 2685 569 2723 in
603 2685 783 2736 pluribus
811 2685 907 2723 locis
937 2686 1205 2733 constituunt,
1233 2685 1355 2724 robur
1388 2684 1622 2736 episcopalis
1661 2682 1912 2722 auctoritatis

395 2743 602 2786 enervant,
640 2738 736 2777 dum
775 2743 913 2778 contra
951 2753 1089 2778 e01um
1137 2740 1379 2778 sententiam
1418 2739 1490 2777 sub
1528 2739 1754 2789 aliquorum
1792 2735 1913 2787 privi-

394 2792 590 2844 legiorum
621 2793 799 2840 obtentu,
823 2793 978 2832 1111111116
1009 2798 1172 2832 cunctos
1201 2793 1419 2832 intendunt
1439 2792 1508 2843 qui
1537 2792 1587 2830 ad
1617 2804 1755 2830 eorum
1773 2789 1913 2828 frater-

443 2904 454 2923 1
477 2904 589 2936 These
615 2904 718 2936 verbs
745 2904 855 2946 ought
885 2904 973 2936 both
1004 2908 1042 2937 to
1073 2905 1116 2937 be
1193 2906 1269 2937 sion
1279 2905 1439 2937 between
1449 2905 1509 2937 the
1520 2904 1686 2936 numbers
1697 2901 1915 2944 throughout

399 2947 565 2989 singular.
620 2947 691 2979 But
728 2948 758 2979 it
789 2948 861 2979 will
893 2948 936 2979 be
973 2948 1117 2980 noticed
1194 2949 1297 2980 much
1315 2949 1351 2981 of
1367 2949 1427 2980 the
1445 2949 1644 2980 document.

400 2991 480 3022 that
495 2991 595 3023 there
611 2991 640 3023 is
656 2991 717 3023 the
733 3002 827 3023 same
843 2994 917 3023 sort
938 2991 974 3023 of
997 2992 1116 3023 confu-
1239 2991 1250 3010 ²
1276 2993 1375 3031 Quos,
1395 2991 1606 3030 redundant,
1625 2988 1784 3021 inserted
1800 2988 1895 3020 here.
