2033 3242
373 263 395 300 2
402 262 426 300 Ο
433 263 455 299 2
805 271 1119 302 CARTULARIUM
1139 271 1383 303 RIEVALLEN
1386 273 1446 304 SE.

371 388 522 428 parcus
536 375 551 400 1
582 375 655 416 ille
677 376 783 417 duos
804 376 960 417 habeat
982 375 1135 425 exitus,
1157 376 1202 417 in
1224 391 1309 431 quo
1329 378 1476 419 licebit
1496 378 1561 419 illi
1578 381 1620 419 et
1642 376 1881 418 haeredibus

371 433 459 474 suis
489 433 802 475 rationabiliter
831 435 1053 488 inparcare
1094 435 1329 475 secundum
1361 436 1473 490 quod
1504 436 1550 476 in
1581 435 1751 489 scriptis
1783 448 1880 476 con-

370 491 583 532 ventionis
604 491 718 532 inter
738 505 815 533 nos
836 492 1040 533 confectis
1061 492 1232 546 plenius
1253 493 1505 536 continetur.
1567 494 1621 534 In
1642 494 1765 547 cujus
1787 496 1864 534 etc.

145 621 322 653 ropernno-
429 606 681 648 CCLXXX.
735 607 1013 648 Innocentius
1058 639 1066 649 .
1115 641 1123 649 .
1171 641 1179 649 .
1224 608 1387 649 Abbati
1434 609 1653 663 Cystercii,
1701 613 1744 650 et
1791 608 1882 660 ejus

145 656 338 714 Zffigsc‘ssg'the
370 665 689 713 co-Abbatibus,
711 669 755 706 et
787 665 1082 707 Conventibus
1113 665 1324 707 universis
1356 667 1664 721 Cysterciensis
1696 665 1881 714 Ordinis,

145 722 316 781 girsgglf‘ssssgt
370 754 377 762 .
416 754 424 764 .
463 754 471 762 .
508 722 691 762 Tesauro
741 722 954 763 virtutum
1004 724 1065 765 sic
1114 724 1317 778 praeclara
1366 730 1508 767 vestra
1557 725 1704 779 religio
1755 737 1882 764 suum

144 790 304 855 zriseffesdhablyl
317 789 352 814 be
369 779 573 820 astrinxit
622 779 836 830 affectum,
886 781 1001 835 quod
1050 781 1231 823 habetur
1280 786 1322 823 et
1378 782 1424 822 in
1474 788 1704 836 conspectu
1754 781 1882 835 Regis

143 864 298 882 nonesave
369 837 540 878 AEterni
560 837 732 891 placita,
754 843 797 879 et
817 838 864 879 in
892 839 1027 880 oculis
1058 839 1283 880 hominum
1313 840 1506 894 gratiosa.
1568 841 1669 894 Ipsa
1695 839 1880 894 quidem,

144 891 305 950 ᾗζξξῒοῆνῖξ
369 899 419 936 ut
459 895 658 936 columba
696 895 814 937 mitis
856 901 898 938 et
938 897 1116 938 humilis
1157 903 1200 938 et
1245 898 1391 947 electa,
1423 897 1513 954 [ad]
1559 898 1704 940 Deum
1748 897 1882 951 speci-

145 958 243 984 Order·
368 953 493 994 aliter
546 953 694 1007 pulcra
748 968 824 1008 per
874 958 1015 996 totum
1067 955 1283 1009 aspicitur,
1329 970 1500 997 omnem
1555 970 1579 997 a
1635 970 1679 997 se
1733 968 1882 1009 rugam

368 1011 635 1052 enormitatis
666 1011 870 1065 abjiciens
892 1018 935 1054 et
959 1013 1173 1054 maculam
1195 1014 1476 1055 deformitatis
1501 1014 1742 1063 excludens,
1763 1012 1884 1066 vigil-

367 1069 541 1110 antibus
571 1069 659 1110 illis
688 1070 764 1123 qui
794 1075 981 1124 paternae
1012 1071 1317 1113 sollicitudinis
1345 1072 1391 1112 in
1423 1086 1471 1113 ea
1501 1076 1654 1126 gerunt
1685 1071 1883 1120 officium,

368 1127 482 1180 quod
503 1127 663 1168 ibidem
683 1127 814 1169 nullae
835 1129 1001 1182 possint
1022 1129 1224 1170 vitiorum
1256 1130 1391 1183 spinae
1413 1143 1685 1178 succrescere,
1707 1134 1770 1170 set
1790 1128 1883 1182 ipsa

368 1185 597 1238 proborum
638 1185 810 1227 honoris
852 1192 895 1227 et
934 1188 1154 1228 fructuum
1193 1188 1430 1229 honestatis
1474 1186 1884 1228 immarcessibiliter

369 1242 529 1296 polleat
568 1243 772 1284 ubertate.
849 1245 1028 1298 Propter
1068 1245 1185 1286 hunc
1226 1246 1386 1286 etenim
1427 1253 1585 1287 sanctae
1626 1245 1884 1299 operationis

369 1301 570 1341 effectum
603 1315 825 1355 nunquam
858 1303 971 1344 Ordo
1002 1308 1144 1344 vester
1174 1303 1311 1344 officio
1343 1304 1492 1344 alienae
1523 1303 1784 1345 visitationis
1814 1301 1885 1343 vel

369 1358 640 1400 correctionis
671 1360 868 1414 indiguit,
901 1366 965 1401 set
995 1361 1047 1402 de
1077 1361 1170 1415 ipso
1201 1362 1416 1415 aliquibus
1448 1361 1542 1402 aliis
1573 1360 1885 1402 reformationis

368 1416 624 1458 beneficium
666 1431 719 1458 ex
759 1418 1029 1471 providentia
1070 1419 1191 1460 Sedis
1236 1419 1497 1473 Apostolicae
1542 1419 1633 1473 jain
1673 1418 1879 1473 pervenit.

371 1474 480 1515 Cum
502 1475 648 1529 itaque
669 1489 746 1516 nos
768 1477 843 1529 qui
864 1490 917 1517 ex
939 1477 1185 1529 hujusmodi
1216 1478 1422 1518 virtuosis
1454 1477 1621 1518 actibus
1653 1477 1808 1530 spiritu
1838 1476 1884 1516 in

368 1532 558 1572 Domino
599 1533 855 1583 exultamus,
887 1533 1028 1589 [174b]
1062 1535 1186 1576 claris
1217 1536 1486 1590 agnoscimus
1517 1535 1690 1576 indiciis
1721 1535 1885 1575 dictum

371 1590 577 1631 Ordinem
617 1604 708 1632 esse
748 1592 844 1633 aliis
884 1596 1010 1634 rectae
1040 1593 1142 1633 vitae
1183 1593 1418 1647 speculum,
1451 1600 1494 1634 et
1524 1593 1756 1634 salutiferae
1787 1606 1884 1633 con-

369 1648 623 1689 versationis
645 1650 903 1703 exemplum,
925 1650 1038 1703 quod
1059 1651 1162 1704 ipse,
1184 1652 1296 1692 sicut
1317 1651 1420 1692 olim
1442 1652 1501 1692 sic
1524 1655 1566 1692 et
1586 1651 1633 1691 in
1654 1654 1885 1704 posterum,

370 1706 423 1746 ab
445 1706 637 1759 ejusdem
659 1707 887 1748 dumtaxat
906 1708 1151 1749 Abbatibus
1173 1722 1221 1750 ac
1242 1709 1463 1750 monachis
1484 1709 1648 1749 idoneis
1671 1722 1776 1762 quos
1797 1721 1884 1757 vos,

370 1763 448 1804 filii
485 1764 690 1813 Abbates,
721 1765 861 1806 adhuc
901 1766 1173 1819 provideritis
1213 1766 1491 1820 deputandos,
1523 1771 1565 1807 et
1596 1780 1620 1807 a
1650 1766 1769 1806 nullo
1800 1765 1885 1806 alio

369 1821 536 1862 visitari
571 1823 719 1876 possit,
750 1828 825 1864 aut
855 1823 1057 1878 cor[r]igi,
1089 1825 1345 1866 auctoritate
1376 1824 1652 1878 praesentium
1684 1824 1886 1864 duximus

371 1880 650 1920 statuendum
667 1897 677 1931 ;
708 1881 855 1922 eadem
886 1883 1141 1923 auctoritate
1173 1882 1479 1923 nichilominus
1512 1883 1798 1931 decernentes,
1822 1887 1885 1931 ut,

370 1937 407 1978 si
437 1937 612 1991 aliquod
643 1942 790 1980 contra
820 1943 1033 1981 statutum
1062 1940 1310 1994 hujusmodi
1340 1954 1363 1981 a
1385 1954 1599 1994 quoquam
1627 1939 1796 1994 propria
1817 1953 1886 1980 ex-

370 1995 508 2036 titerit
535 1997 788 2038 auctoritate
810 2002 1130 2052 praesumptum,
1151 1998 1322 2039 irritum
1343 2002 1386 2039 et
1406 1999 1533 2038 inane
1554 1996 1709 2052 [foret]
1770 1997 1827 2038 Et
1849 1997 1886 2038 si

370 2052 479 2094 forte
521 2054 675 2107 aliquae
716 2056 940 2096 sententias
975 2056 1021 2096 in
1052 2070 1127 2097 vos
1168 2056 1385 2097 occasione
1426 2055 1674 2109 hujusmodi
1711 2055 1886 2109 perlatae

370 2110 543 2160 fuerint,
584 2112 755 2153 nullum
804 2114 931 2154 robur
980 2114 1204 2168 optineant
1252 2114 1480 2162 firmitatis,
1521 2113 1723 2154 mandato
1765 2112 1885 2154 Sedis

369 2168 630 2221 Apostolicae
681 2184 847 2224 semper
896 2171 1024 2213 salvo.
1104 2171 1229 2212 Nulli
1274 2172 1407 2226 igitur
1447 2171 1672 2212 hominum
1712 2170 1885 2212 omnino

370 2226 498 2267 liceat
519 2226 629 2268 hanc
646 2229 845 2281 paginam
861 2234 1017 2270 nostrae
1034 2229 1353 2271 constitutionis
1374 2230 1619 2283 infringere,
1637 2228 1706 2270 vel
1723 2229 1762 2270 ei
1778 2242 1885 2269 ausu

370 2285 597 2325 temerario
630 2287 849 2328 contraire.
911 2288 1078 2328 Datum
1109 2287 1317 2342 Lugdun.,
1338 2287 1434 2328 xiiii
1465 2288 1548 2328 kal.
1581 2287 1717 2336 Junii,
1738 2286 1885 2328 Ponti-

370 2341 522 2382 ficatus
545 2343 682 2383 nostri
698 2344 758 2384 AO
770 2345 812 2385 ii.

146 2467 288 2500 Privilege
432 2456 709 2499 CCLXXXI.
757 2460 1048 2511 Innocentius,
1089 2460 1339 2515 Episcopus,
1370 2459 1539 2500 dilectis
1579 2459 1693 2508 filiis,
1722 2459 1885 2500 Abbati

147 2501 338 2561 ἓζὲῗᾷἳὲτῗο
376 2514 582 2564 Cistercii,
604 2517 781 2570 ejusque
807 2519 1133 2568 co-Abbatibus‚
1155 2523 1198 2560 et
1230 2518 1523 2559 Conventibus
1555 2517 1766 2558 universis
1798 2517 1885 2558 Cis-

148 2569 228 2634 Ξζζξ
240 2569 324 2627 ξζηο,
374 2573 596 2613 terciensis
619 2575 791 2616 Ordinis
812 2609 820 2617 .
844 2610 852 2618 .
876 2609 884 2618 .
907 2577 1077 2618 Meritis
1098 2580 1252 2617 vestrae
1269 2589 1396 2617 sacrae
1409 2575 1626 2629 religionis
1642 2575 1885 2615 inducimur

148 2636 322 2695 {ssfssssff‘sssste
374 2635 424 2671 ut
454 2630 612 2672 favoris
643 2632 817 2687 benigni
847 2635 983 2688 gratia
1014 2648 1089 2675 vos
1116 2635 1272 2688 vigiter
1301 2634 1610 2687 prosequimur,
1632 2638 1695 2674 set
1725 2633 1771 2673 in
1802 2632 1885 2673 hiis

149 2703 356 2741 n19nks0fth0
374 2688 588 2742 praecipue
610 2703 705 2743 quae
726 2697 962 2732 noscuntur
983 2692 1035 2733 ad
1067 2692 1234 2733 cultum
1265 2691 1418 2731 Divini
1448 2691 1633 2731 nominis
1664 2690 1884 2744 pertinere.

147 2737 324 2803 {ffirssssgffr'
375 2746 496 2795 Cum,
536 2747 692 2800 itaque,
733 2749 845 2789 sicut
885 2750 996 2790 lecta
1036 2764 1178 2791 coram
1218 2749 1341 2789 nobis
1391 2748 1684 2790 universitatis
1733 2753 1885 2788 vestrae

414 2843 426 2863 ¹
450 2844 535 2876 This
574 2845 800 2888 description,
833 2848 921 2879 with
960 2848 1090 2880 dimen-
1168 2847 1238 2879 and
1270 2846 1502 2887 interesting;
1526 2857 1590 2877 one
1621 2844 1748 2884 which,
1774 2856 1883 2877 more-

371 2887 465 2918 sions
511 2890 712 2931 accurately
761 2891 938 2932 specified,
988 2891 1024 2922 of
1070 2902 1091 2922 a
1168 2901 1262 2929 over,
1289 2890 1318 2921 it
1344 2900 1426 2931 may
1449 2890 1492 2921 be
1521 2889 1636 2921 useful
1667 2892 1704 2920 to
1733 2888 1816 2920 bear
1846 2889 1883 2920 in

376 2931 564 2972 “parcus”
597 2932 626 2964 is
657 2943 721 2964 one
752 2934 845 2965 alike
881 2934 1090 2966 instructive
1167 2933 1275 2965 mind.
