2033 3242
566 247 878 278 CARTULARIUM
899 246 1206 277 RIEVALLENSE.
1561 239 1638 276 281

128 353 425 406 Thormodeby
454 385 463 394 .
496 385 504 394 .
536 386 543 393 .
576 352 679 393 fecit
706 353 799 393 Deo
830 385 838 393 .
871 384 879 392 .
912 384 921 393 .
954 352 1006 393 de
1035 351 1111 392 illa
1131 365 1228 392 acra
1248 351 1370 404 prati,
1393 364 1491 391 cum
1512 351 1642 404 perti·

131 411 305 460 nenciis,
327 424 456 464 quam
476 409 637 450 habent
657 410 709 451 de
731 410 841 451 dono
862 409 1073 451 Willelmi
1094 409 1145 449 de
1169 409 1350 463 Loringe
1371 409 1417 448 in
1439 408 1643 448 Thormo-

132 469 267 522 deby:
308 468 595 509 Donationem
635 468 812 521 insuper
846 502 853 509 .
887 501 895 508 .
927 501 935 508 .
969 481 1074 521 quas
1114 467 1298 507 Thomas
1338 467 1644 507 Neunecomen

131 527 183 568 de
204 525 500 579 Thormodeby
521 531 564 566 et
594 525 803 574 Matildis‚
824 539 932 565 uxor
962 526 1053 579 ejus
1084 558 1092 566 .
1125 557 1133 566 .
1165 557 1173 566 .
1206 526 1398 565 fecerunt
1428 524 1520 564 Deo
1553 556 1560 564 .
1592 556 1600 564 .
1634 555 1642 564 .

127 585 182 625 de
204 583 368 624 duabus
389 584 496 624 acris
518 588 652 633 terrae,
675 597 772 624 cum
793 583 1080 637 pertinenciis,
1100 582 1146 623 in
1162 582 1478 634 Thormodeby:
1499 581 1644 622 Dona-

128 642 290 682 tionem
321 641 451 682 etiam
481 673 490 682 .
522 655 709 694 ..quas
741 641 930 695 Rogerus
962 640 1113 682 Santer
1143 640 1195 681 de
1226 639 1562 692 Thormodeby.

130 699 230 740 iecit
250 699 343 740 Deo
374 732 382 740 .
416 731 424 740 .
496 698 547 740 de
568 713 655 739 una
684 699 786 739 loda
817 704 859 739 et
889 712 964 739 sex
993 698 1211 752 perticatis
1241 698 1365 752 prati,
1386 710 1484 738 cum
1506 671 1644 761 'perti-

129 757 304 806 nenciis,
334 756 381 796 in
411 756 732 811 Thormodeby:
770 756 1096 797 Concessionem
1127 756 1313 809 insuper,
1349 755 1644 796 remissionem

125 821 172 856 et
203 815 392 868 quietam
413 814 693 855 clamanciam
714 828 820 868 quas
840 813 1086 855 Willelmus
1108 813 1160 854 de
1181 813 1372 877 Boyvile,
1393 812 1562 861 1111163,.

129 873 229 913 fecit
250 873 342 913 Deo
373 905 382 914 .
415 905 423 913 .
455 904 464 913 .
497 872 549 913 de
570 872 767 912 omnibus
788 872 909 912 terris
931 876 974 913 et
994 872 1250 912 tenementis
1271 871 1371 920 suis,
1389 885 1486 911 611111
1508 870 1644 911 0111111-

128 931 207 971 bus
247 930 534 983 pertinenciis,
574 929 844 970 libertatibus
877 934 919 970 et
956 929 1219 970 aisiamentis
1255 942 1350 982 quae
1391 929 1644 977 habuerunt,

126 988 239 1028 infra
261 987 410 1028 villam
431 992 474 1028 et
505 992 625 1028 extra
649 987 701 1028 de
722 987 994 1040 Thormotby,
1015 987 1067 1027 de
1098 987 1219 1027 feodo
1250 987 1385 1040 ipsius
1406 985 1643 1026 willelmi:

128 1045 415 1086 Donationem
437 1046 577 1096 etiam,
599 1077 608 1086 .
632 1077 640 1087 .
662 1078 670 1085 .
694 1059 800 1099 quas
821 1045 949 1098 Hugo
971 1044 1084 1085 filius
1100 1045 1254 1085 Aliciae
1274 1044 1326 1085 de
1348 1043 1645 1097 Thormodeby

128 1137 135 1144 .
210 1136 218 1144 .
250 1104 353 1144 fecit
373 1103 466 1144 Deo
499 1135 506 1144 .
539 1137 546 1144 .
579 1136 586 1144 .
619 1103 672 1143 de
703 1107 794 1143 tota
823 1107 934 1143 terra
964 1116 1041 1143 sua
1062 1115 1189 1155 quam
1222 1102 1375 1142 habuit
1399 1102 1445 1141 in
1467 1101 1572 1141 villa
1592 1101 1644 1142 de

124 1161 432 1215 Thormodeby,
454 1166 496 1202 et
509 1161 560 1201 de
576 1165 750 1214 pastura
763 1161 816 1201 ad
837 1174 973 1200 unum
985 1160 1139 1200 bovem
1155 1159 1226 1200 vel
1245 1173 1418 1199 vaccam
1434 1159 1480 1198 in
1500 1159 1643 1199 West-

125 1219 249 1267 felde,
282 1224 325 1259 et
361 1219 412 1259 de
445 1232 587 1259 annuo
622 1218 792 1259 redditu
824 1218 953 1257 unius
990 1217 1154 1258 denarii
1187 1217 1238 1257 de
1272 1216 1518 1257 Alexandro
1555 1216 1643 1256 filio

126 1277 313 1317 Dionisii
335 1276 529 1325 Diaconi,
550 1285 594 1316 et
614 1276 666 1316 de
683 1275 861 1316 dimidia
881 1289 977 1315 acra
997 1279 1120 1315 terrae
1141 1280 1184 1315 et
1206 1274 1384 1315 dimidia
1404 1274 1507 1314 roda
1527 1279 1641 1314 retro

125 1335 284 1375 toftum
317 1334 520 1375 Herberti
554 1333 595 1374 16
627 1333 826 1382 Taillour,
868 1346 967 1373 cum
1006 1332 1307 1386 pertinenciis:
1353 1331 1642 1372 Donationem

122 1392 266 1441 etiam,
298 1426 306 1433 .
338 1425 345 1432 .
378 1425 386 1432 .
420 1405 525 1445 quas
548 1391 764 1432 Walterus
785 1391 837 1431 de
869 1391 1106 1444 Steinesby,
1127 1390 1262 1439 miles,
1294 1423 1301 1431 .
1334 1422 1342 1431 .
1375 1423 1382 1430 .
1416 1389 1518 1430 fecit
1550 1389 1643 1429 Deo

169 1483 176 1491 .
209 1484 217 1492 .
252 1450 303 1490 de
325 1449 490 1490 duobus
510 1449 631 1490 tostis
648 1453 692 1489 et
707 1449 872 1489 duabus
894 1448 1060 1489 bovatis
1081 1452 1216 1497 terrae,
1238 1461 1335 1488 cum
1356 1447 1643 1500 pertinenciis,

127 1508 172 1547 in
221 1507 470 1561 Steinesby:
522 1506 848 1547 Concessionem
898 1506 1067 1547 etiam.
1100 1538 1108 1546 .
1141 1539 1149 1546 .
1182 1519 1288 1559 quas
1339 1505 1550 1546 Robertus
1592 1504 1643 1545 de

127 1565 300 1606 Nevilla
331 1599 338 1606 .
371 1597 378 1605 .
412 1598 421 1606 .
452 1564 555 1605 fecit
575 1565 669 1605 Deo
699 1597 707 1605 .
741 1597 749 1606 .
781 1596 789 1604 .
822 1564 874 1605 de
895 1564 1061 1604 duobus
1078 1563 1199 1604 tostis
1222 1568 1264 1604 et
1286 1563 1452 1604 duabus
1474 1563 1642 1603 bovatis

124 1629 260 1672 terrae,
291 1636 388 1663 cum
415 1622 704 1676 pertinenciis,
735 1635 830 1676 quae
860 1622 1104 1662 habuerunt
1134 1635 1188 1662 ex
1213 1621 1441 1661 donatione
1462 1619 1644 1662 Walteri

124 1680 178 1721 de
221 1680 439 1734 Stainisby
480 1680 526 1720 in
568 1680 815 1734 Stainisby:
865 1680 1157 1720 Donationem
1196 1679 1382 1732 insuper,
1414 1711 1422 1720 .
1454 1712 1461 1719 .
1495 1711 1502 1719 .
1536 1691 1643 1732 quas

127 1737 373 1779 Willelmus
394 1738 446 1779 de
467 1738 675 1778 Tamtona
705 1771 713 1778 .
747 1771 754 1778 .
788 1771 796 1779 .
828 1737 930 1778 fecit
951 1738 1044 1778 Deo
1076 1770 1083 1778 .
1117 1770 1125 1778 .
1158 1770 1166 1778 .
1198 1737 1250 1777 de
1281 1741 1371 1777 tota
1400 1741 1524 1784 terra,
1546 1749 1644 1776 cum

127 1796 415 1849 pertinenciis,
428 1809 558 1849 quam
571 1795 711 1836 tenuit
728 1795 779 1836 de
796 1795 1016 1836 Willelmo
1033 1795 1120 1835 filio
1137 1794 1364 1848 Reginaldi
1381 1794 1431 1834 de
1446 1793 1644 1834 Mersche

127 1855 172 1894 in
196 1854 390 1894 Redker:
421 1853 711 1894 Donationem
733 1853 915 1901 etiamff.
948 1886 956 1894 .
989 1886 997 1894 .
1031 1866 1136 1906 quas
1156 1853 1253 1893 Yvo
1275 1853 1326 1893 de
1349 1852 1518 1892 Redker
1549 1884 1556 1892 .
1589 1884 1597 1892 .
1632 1882 1640 1892 .

128 1912 229 1952 fecit
259 1912 352 1952 Deo
382 1941 390 1950 .
425 1945 433 1953 .
465 1945 474 1952 .
506 1911 559 1952 de
589 1915 680 1952 tota
709 1915 820 1952 terra
852 1911 938 1960 illa,
961 1924 1057 1951 cum
1089 1910 1378 1964 pertinenciis,
1409 1923 1503 1963 quae
1528 1910 1644 1963 jacet

128 1970 240 2010 inter
260 1969 406 2010 domos
437 1983 583 2010 eorum
614 1969 667 2010 de
698 1969 903 2018 Redeker,
924 1982 1030 2022 quas
1062 1968 1305 2008 habuerunt
1336 1982 1388 2008 ex
1415 1967 1644 2008 donatione

128 2027 341 2068 willelmi
362 2027 413 2068 de
434 2027 677 2075 Tametona,
695 2031 738 2067 et
758 2040 898 2067 mare:
931 2026 1220 2066 Donationem
1241 2025 1381 2074 etiam,
1413 2058 1420 2065 .
1454 2058 1461 2066 .
1495 2058 1502 2066 .
1536 2037 1642 2079 quas

131 2084 382 2138 Radulphus
417 2084 532 2125 fflius
568 2084 746 2125 Roberti
785 2085 838 2125 (16
878 2084 1054 2125 Lithum
1085 2117 1093 2125 .
1126 2116 1134 2124 .
1167 2117 1176 2125 .
1207 2084 1308 2124 fecit
1342 2083 1436 2123 Deo
1469 2116 1476 2123 .
1509 2116 1516 2123 .
1549 2116 1556 2123 .
1590 2083 1643 2123 de

129 2142 265 2183 tribus
293 2143 400 2183 acris
431 2147 566 2190 terrae,
597 2156 695 2183 cum
725 2142 1012 2195 pertinenciis,
1040 2142 1086 2181 in
1119 2141 1322 2182 Lithum:
1353 2141 1642 2181 Donationem

125 2201 269 2247 etiam,
302 2233 310 2241 .
342 2233 349 2240 .
383 2232 390 2240 .
423 2213 528 2253 quas
550 2200 762 2240 Robertus
786 2199 1006 2240 Blaunche
1029 2199 1080 2239 de
1095 2199 1282 2240 Gothum
1312 2231 1319 2239 .
1353 2232 1360 2239 .
1395 2232 1401 2239 .
1434 2199 1536 2239 fecit
1549 2199 1642 2239 Deo

168 2291 176 2298 .
209 2291 217 2299 .
250 2258 302 2298 (16
333 2257 470 2298 tribus
501 2258 610 2298 acris
641 2261 774 2306 terrae,
806 2271 902 2298 cum
934 2257 1222 2311 pertinenciis,
1253 2257 1298 2297 in
1330 2257 1477 2297 eadem
1514 2256 1640 2297 villa:

127 2315 416 2356 Donationem
437 2316 623 2368 insuper,
655 2347 663 2356 .
695 2348 703 2356 .
737 2329 874 2368 .quas
898 2314 1159 2368 Reginaldus
1181 2315 1232 2355 de
1255 2314 1382 2355 Rosel
1414 2347 1422 2355 .
1454 2347 1462 2355 .
1497 2348 1504 2355 .
1538 2314 1643 2354 fecit

127 2374 219 2414 Deo
251 2407 258 2414 .
291 2406 298 2413 .
333 2406 340 2414 .
373 2373 425 2413 de
445 2377 535 2413 tota
556 2377 675 2426 parte
696 2386 774 2413 sua
794 2373 910 2413 illius
931 2373 1030 2413 tosti
1051 2373 1166 2426 quod
1195 2372 1399 2413 Monachi
1419 2372 1472 2413 de
1494 2371 1641 2412 Fonti-

125 2431 204 2472 bus
233 2430 448 2484 quondam
475 2434 707 2471 tenuerunt
732 2430 783 2471 de
817 2430 1034 2484 Stephano
1067 2430 1118 2471 de
1147 2430 1286 2480 Rosel,
1319 2435 1440 2484 patre
1471 2444 1559 2478 suo,
1594 2429 1642 2469 in

126 2489 328 2529 Neutona
359 2488 510 2529 subtus
541 2487 877 2542 Auhmberghe,2
904 2493 946 2529 et
971 2488 1022 2529 de
1053 2502 1140 2529 una
1169 2501 1265 2529 acra
1295 2489 1409 2542 prati
1439 2489 1485 2528 in
1518 2492 1641 2541 prato

122 2546 177 2587 <le
210 2547 423 2594 Neutona‚
456 2559 555 2586 cum
589 2546 890 2599 pertinenciis:
928 2545 1215 2587 Donationem
1252 2547 1381 2587 etiam
1413 2579 1420 2587 .
1453 2578 1461 2587 .
1494 2578 1502 2586 .
1534 2557 1641 2598 quas

126 2604 369 2658 Stephanus
391 2603 443 2644 de
464 2604 619 2643 Mainil
651 2637 658 2644 .
695 2638 702 2645 .
735 2637 742 2644 .
775 2605 877 2644 fecit
899 2604 990 2644 Deo
1021 2637 1029 2645 .
1063 2637 1070 2644 .
1105 2637 1113 2644 .
1145 2604 1197 2644 de
1211 2608 1300 2645 toto
1323 2604 1447 2644 bosco
1464 2608 1506 2644 et
1528 2608 1642 2643 terra

167 2693 178 2713 ¹
202 2693 245 2726 In
268 2694 342 2725 this
358 2697 439 2735 part
455 2693 490 2725 of
514 2694 574 2725 the
598 2693 840 2726 confirmation
919 2693 987 2725 and
1015 2694 1076 2726 the
1103 2694 1233 2725 entries
1261 2694 1432 2735 touching
1459 2692 1574 2724 which
1603 2691 1639 2723 in

123 2737 235 2779 again,
256 2737 325 2769 and
341 2737 427 2769 both
444 2737 553 2769 above
569 2737 638 2769 and
654 2737 764 2769 below
780 2737 842 2769 the
920 2737 1110 2769 Ministers'
1127 2738 1306 2769 Accounts
1322 2736 1438 2768 would
1454 2735 1640 2768 otherwise

123 2784 266 2822 present
291 2781 401 2822 point,
433 2791 492 2812 are
519 2781 649 2812 entries
674 2781 842 2823 touching
919 2781 1008 2812 have
1024 2781 1203 2812 remained
1220 2781 1396 2812 6611111311·-
1390 2779 1482 2811 ·ι16(1.

123 2827 245 2865 grants
262 2824 298 2855 of
314 2827 482 2865 property
499 2823 600 2855 made
617 2827 654 2856 to
674 2824 735 2856 the
753 2824 840 2857 Con·
961 2824 974 2842 ”-’
997 2824 1106 2856 This
1098 2835 1127 2856 13
1143 2835 1221 2855 now
1235 2824 1322 2855 Neu
1326 2827 1385 2855 ton
1404 2822 1516 2854 under
1533 2822 1638 2853 Rose-

124 2870 218 2904 vent,
245 2867 282 2898 in
298 2867 435 2899 diverse
458 2867 584 2909 places,
605 2865 642 2899 of
657 2867 772 2899 which
790 2878 841 2899 we
918 2867 1032 2908 berry.
1082 2868 1156 2899 The
1167 2867 1312 2898 mediav
1317 2867 1349 2898 al
1363 2866 1513 2908 spelling
1526 2865 1561 2896 of
1578 2864 1638 2896 the

122 2910 211 2942 have
227 2920 272 2941 no
288 2911 403 2942 notice
420 2910 456 2942 in
468 2921 538 2951 any
551 2913 675 2942 extant
687 2911 837 2948 charter,
919 2921 1019 2942 name
1035 2910 1072 2943 of
1088 2911 1148 2942 the
1165 2911 1228 2942 hill
1246 2922 1289 2941 no
1282 2921 1323 2941 1ν
1340 2910 1468 2941 known
1494 2909 1540 2950 by
1558 2907 1640 2939 that
