2033 3242
326 292 410 329 328
761 300 1072 331 CARTULARIUM
1094 300 1399 331 RIEVALLENSE.

328 404 452 445 Ebor.
476 418 602 458 quam
632 405 678 445 in
711 405 909 445 suburbis
940 404 1141 458 ejusdem,
1164 408 1256 453 etc„
1278 405 1331 445 ad
1358 405 1560 447 terminos
1592 406 1630 447 S.
1653 405 1837 446 Andreae

325 467 417 510 etc„
439 463 483 502 in
504 467 656 503 tenura
675 462 886 503 willelmi
918 462 1072 515 Pulley
1093 462 1173 503 hoc
1194 476 1314 503 anno.
1369 463 1519 516 (Tenet
1540 477 1615 517 per
1635 463 1836 504 indentu-

327 533 417 560 ram
439 521 518 560 sub
538 520 676 574 sigillo
698 520 938 561 communi:
972 520 1066 560 ideo
1087 524 1259 561 notetur
1279 534 1354 574 pro
1376 521 1600 619 indenStura
1621 521 1837 586 videnda.)

1520 593 1662 619 umma
1684 593 1728 619 xi
1745 593 1776 620 s.

384 693 606 734 THRUSKE.
667 693 723 734 Et
745 693 797 734 de
817 693 892 734 iis.
915 693 968 734 de
989 693 1160 734 redditu
1181 694 1311 735 unius
1332 695 1486 749 cotagii
1507 695 1680 736 scituati
1710 709 1837 749 super

326 764 526 804 campum
566 756 768 792 vocatum
807 751 847 792 le
889 751 1050 806 Saynte
1091 752 1244 805 Jamys
1286 752 1438 802 Grene,
1479 757 1568 802 etc,
1599 754 1644 793 in
1685 758 1837 794 tenura

326 809 498 849 Thomae
520 809 708 850 Cawton.
1414 808 1419 814 ’
1505 811 1680 851 Summa
1699 811 1778 852 iis.

385 925 719 978 Perquisitiones
757 925 905 966 Curiae.
978 925 1046 966 De
1079 925 1222 979 aliquo
1259 926 1445 979 proficuo
1481 927 1758 980 proveniente
1784 927 1836 969 de

325 983 704 1036 perquisitionibus
728 983 866 1024 Curiae
894 983 1054 1024 ibidem
1081 983 1161 1024 hoc
1192 997 1303 1024 anno
1335 989 1475 1033 tentae,
1504 999 1589 1024 non
1617 985 1768 1035 reddit,
1789 999 1837 1027 οο

325 1040 442 1094 quod
461 1041 582 1081 nulla
604 1041 733 1082 Curia
753 1045 872 1081 tenta
902 1041 986 1081 fuit
1013 1041 1172 1082 ibidem
1193 1055 1268 1095 per
1289 1047 1459 1095 tempus
1481 1043 1743 1096 praedictum,
1765 1057 1839 1097 per

326 1103 640 1139 sacramentum
662 1099 855 1152 praedicti
877 1099 1176 1153 Computantis
1199 1113 1326 1154 super
1347 1100 1462 1141 hunc
1484 1105 1739 1154 compotum.

1454 1158 1629 1199 Summa
1650 1158 1780 1200 nulla.

387 1214 563 1254 Summa
593 1214 752 1254 Totalis
783 1214 982 1268 Receptae
1013 1214 1105 1254 xxii
1119 1214 1160 1255 li.
1195 1228 1266 1256 xs.
1299 1215 1375 1255 viii
1390 1216 1427 1256 d.
1501 1216 1537 1256 E
1568 1216 1722 1270 quibus
1764 1218 1839 1257 sti-

322 1271 481 1325 pendia
504 1272 814 1326 Computantis,
835 1286 932 1313 cum
953 1273 1151 1326 expensis
1174 1274 1432 1315 necessariis.

386 1386 506 1427 Idem
530 1391 748 1441 computat
769 1388 815 1428 in
836 1388 1061 1442 stipendiis
1082 1389 1218 1443 ipsius
1242 1390 1542 1444 Computantis
1564 1391 1617 1432 ad
1638 1405 1697 1431 ΧΧ
1711 1405 1743 1432 s.
1766 1404 1841 1445 per

325 1458 488 1484 annum
510 1445 548 1485 ei
570 1445 778 1486 concessis
795 1460 869 1499 per
889 1446 1269 1488 considerationem
1286 1448 1507 1489 Auditoris
1530 1454 1572 1490 et
1594 1449 1840 1503 Receptoris

327 1502 506 1542 Domini
547 1504 674 1556 Regis
715 1517 789 1556 pro
837 1504 1141 1545 exercitatione
1182 1506 1428 1558 hujusmodi
1470 1507 1608 1556 officii,
1639 1507 1731 1556 viz„
1763 1521 1839 1561 pro

328 1560 505 1600 dimidio
541 1574 653 1601 anno
689 1561 811 1601 finito
845 1562 898 1602 ad
927 1562 1085 1602 festum
1111 1563 1149 1603 S.
1176 1563 1403 1604 Michaelis
1432 1564 1703 1618 Archangeli,
1730 1565 1841 1606 infra

324 1620 496 1671 tempus
534 1618 661 1671 hujus
696 1620 882 1672 compoti
912 1620 1120 1671 accidens,
1147 1635 1176 1660 Χ
1193 1634 1223 1661 s.
1284 1622 1341 1661 Et
1370 1622 1417 1661 in
1439 1622 1664 1675 stipendiis
1687 1623 1841 1664 Clerici

326 1675 548 1716 Auditoris
570 1676 794 1718 scribentis
816 1681 905 1726 etc„
927 1677 959 1717 ii
976 1691 1006 1718 s.
1479 1680 1655 1721 Summa
1675 1681 1737 1721 xii
1751 1694 1780 1722 s.

385 1791 673 1832 Liberationes
711 1797 752 1832 et
789 1792 1108 1834 exonerationes
1141 1793 1423 1835 denariorum.
1484 1795 1540 1835 Et
1576 1795 1622 1835 in
1655 1795 1840 1837 denariis

325 1848 516 1889 liberatis
531 1849 748 1890 Leonardo
763 1850 998 1900 Beekwith,
1014 1852 1144 1900 Arm„
1160 1852 1396 1905 Receptori,
1414 1856 1503 1900 etc,
1520 1867 1547 1893 Χ
1561 1853 1604 1894 li.
1618 1853 1734 1894 xiiis.
1750 1854 1838 1895 ivd.

328 1906 384 1946 Et
405 1912 605 1947 oneratur
625 1908 670 1947 in
692 1913 887 1961 compoto
908 1909 1100 1962 praedicti
1122 1910 1378 1963 Receptoris‚
1396 1914 1485 1958 etc„
1503 1911 1548 1950 xi
1561 1910 1603 1951 li.
1626 1925 1697 1952 vs.
1720 1912 1765 1951 iv
1781 1912 1818 1953 d.

1201 1967 1377 2007 Summa
1397 1968 1472 2008 xxi
1489 1968 1530 2008 li.
1554 1983 1582 2008 X
1598 1982 1627 2010 s.
1649 1969 1726 2009 viii
1743 1969 1780 2010 d.

388 2074 564 2114 Summa
598 2074 901 2116 allocationum
941 2080 984 2117 et
1024 2076 1325 2117 liberationum
1356 2078 1653 2130 praedictarum
1691 2079 1783 2119 xxii
1796 2079 1838 2121 li.

331 2144 403 2171 xs.
440 2132 516 2171 viii
533 2132 582 2181 d.,
624 2146 718 2186 quae
759 2147 926 2175 summa
966 2134 1191 2188 coaequalis
1233 2139 1297 2176 est
1337 2149 1435 2175 cum
1476 2149 1642 2177 summa
1682 2137 1842 2178 Totalis

330 2189 528 2242 Receptae
550 2191 754 2244 superius.

391 2304 435 2357 [f.
461 2304 502 2357 7]
545 2305 816 2358 [ME]WACRE
846 2307 891 2346 111
923 2307 1166 2347 SWALDALE
1197 2320 1295 2348 cum
1336 2308 1546 2349 membris.
1610 2309 1842 2363 Compotus

332 2362 558 2414 Reginaldi
588 2362 811 2412 Alderson,
839 2365 1010 2418 Georgii
1040 2365 1261 2414 Alderson,
1293 2370 1335 2406 et
1366 2366 1585 2419 Radulphi
1616 2367 1843 2417 Alderson,

332 2419 597 2530 ξέὲὲἶέξέἑῗ
627 2420 717 2461 sive
752 2421 1036 2462 Collectorum
1073 2422 1336 2463 Reddituum
1376 2424 1536 2464 ibidem
1567 2438 1642 2478 per
1672 2429 1842 2479 tempus

389 2535 616 2588 Arreragia
637 2535 767 2585 nulla,
789 2536 889 2590 quia
911 2537 1074 2590 primus
1096 2543 1326 2592 compotus.
1455 2538 1631 2579 Summa
1652 2540 1781 2581 nulla.

391 2650 599 2691 Redditus
622 2655 663 2691 et
685 2651 816 2692 firmae
837 2652 882 2692 in
905 2653 1112 2694 Swaldale
1134 2668 1231 2694 cum
1252 2654 1471 2695 Mewacre.

393 2708 476 2748 Sed
496 2709 680 2749 reddunt
700 2716 944 2762 compotum
965 2711 1016 2751 de
1038 2711 1084 2751 xl
1097 2725 1127 2752 s.
1145 2712 1196 2752 de
1218 2712 1388 2752 redditu
1409 2716 1620 2752 certarum
1636 2718 1841 2754 terrarum

335 2769 378 2806 et
409 2770 750 2806 tenementorum
782 2767 952 2816 ibidem,
984 2769 1044 2809 sic
1079 2769 1125 2808 111
1156 2774 1305 2810 tenura
1336 2770 1546 2810 willelmi
1579 2771 1840 2824 Braderigge,

335 2822 548 2864 solvendis
580 2823 633 2863 ad
664 2827 780 2864 term.
805 2825 842 2865 S.
861 2825 1041 2865 Martini
1064 2832 1165 2877 etc.;
1195 2832 1238 2867 et
1259 2827 1310 2867 de
1342 2841 1430 2866 xxv
1443 2841 1471 2867 s.
1496 2841 1523 2867 Χ
1538 2828 1574 2868 d.
1598 2828 1649 2868 de
1670 2828 1839 2868 redditu

335 2885 410 2920 etc.
434 2881 479 2920 in
500 2884 650 2921 tenura
672 2881 855 2922 Galfridi
877 2882 1094 2924 Metcalffe
1117 2890 1193 2925 etc.
1210 2899 1218 2934 ;
1250 2888 1290 2924 et
1313 2884 1364 2925 de
1386 2885 1432 2924 xl
1445 2898 1474 2925 S.
1499 2885 1550 2925 de
1571 2885 1740 2925 redditu
1762 2890 1837 2926 etc.

334 2938 380 2977 in
402 2942 553 2978 tenura
569 2939 720 2979 Jacobi
737 2939 897 2980 Milner
914 2945 990 2981 etc.
1008 2956 1017 2991 ;
1047 2946 1090 2981 et
1111 2942 1162 2982 de
1184 2955 1212 2981 Χ
1229 2955 1258 2982 s.
1283 2941 1334 2981 de
1350 2942 1520 2982 redditu
1536 2947 1612 2983 etc.
1629 2943 1674 2982 in
1691 2947 1841 2983 tenura
