2033 3242
800 313 1033 344 APPENDIX.
1597 307 1648 344 42
1659 306 1679 344 7

160 418 315 458 decima
342 418 458 457 nobis
487 431 558 470 per
587 418 796 458 dominum
829 431 1030 458 summum
1068 417 1306 456 Pontificem
1339 430 1468 467 nuper
1495 429 1680 456 concessa

159 473 276 512 nobis
313 472 363 511 de
400 472 518 511 dictis
557 472 758 512 beneficiis
794 477 835 512 et
872 471 1160 523 temporalibus
1199 470 1477 523 spiritualibus
1511 471 1678 510 annexis

159 525 393 578 responderi
413 540 494 565 non
514 531 673 578 poterat
692 526 812 577 juxta
840 527 1090 565 taxationem
1119 525 1284 564 decimae
1312 538 1440 576 nuper
1469 525 1679 573 currentis,

158 585 278 632 prout
297 580 395 619 alias
415 580 500 619 fieri
529 581 748 629 consuevit,
770 580 885 620 vobis
913 579 1237 618 mandaverimus
1267 579 1376 630 quod
1405 592 1524 630 super
1542 578 1678 618 valore

159 634 340 674 omnium
367 634 651 674 beneficiorum
679 634 1035 674 ecclesiasticorum
1063 633 1169 672 infra
1197 633 1346 672 dictam
1375 632 1565 672 diocesim
1595 645 1679 671 ves-

160 695 277 736 tram,
317 693 358 726 et
405 689 527 727 etiam
574 688 855 740 temporalium
892 687 1161 739 praelatorum,
1201 700 1290 738 quae
1336 687 1472 725 taliter
1518 687 1680 725 fuerant

159 747 328 789 vastata,
351 746 392 780 et
420 755 509 793 quae
538 742 590 782 ad
618 743 814 782 decimam
841 742 949 781 inter
976 741 1203 792 spiritualia
1222 741 1353 780 taxari
1373 746 1676 789 consueverant,

160 796 291 835 taxari
310 796 505 844 faceretis,
529 801 570 835 et
599 796 874 835 collectoribus
894 795 1057 835 decimae
1076 796 1118 834 in
1142 795 1282 834 eadem
1305 795 1453 834 diocesi
1472 799 1606 834 vestra
1629 794 1679 833 de

160 850 434 889 taxationibus
467 850 710 901 hujusmodi,
747 864 837 889 cum
869 850 985 889 factae
1017 854 1159 898 essent,
1196 854 1377 888 constare
1415 848 1600 888 faceretis
1633 853 1681 888 ut

159 904 236 956 ipsi
256 903 452 943 decimam
471 904 581 943 illam
608 905 726 956 juxta
750 904 1003 943 taxationem
1025 903 1258 954 hujusmodi
1287 903 1334 941 ad
1368 916 1468 954 opus
1497 907 1680 941 nostrum

160 958 292 998 levare
321 963 495 1009 possent,
519 963 559 997 et
578 959 861 997 nichilominus
889 956 1117 997 taxationes
1142 957 1241 1005 illas,
1265 970 1355 996 cum
1384 956 1540 1008 plenius
1563 957 1679 995 factae

161 1016 305 1061 essent,
327 1012 595 1052 Thesaurario
626 1017 667 1051 et
693 1012 918 1051 Baronibus
947 1011 1096 1051 nostris
1125 1011 1175 1051 de
1204 1011 1408 1050 Scaccario
1435 1011 1680 1050 mitteretis:

161 1066 232 1115 Ac,
254 1079 325 1118 per
353 1067 590 1117 petitionem
619 1066 858 1106 dilectorum
877 1067 992 1105 nobis
1023 1066 1065 1104 in
1086 1065 1259 1114 Christo,
1280 1065 1488 1104 Abbatum
1517 1064 1567 1103 de
1587 1064 1682 1104 Rie-

161 1121 264 1159 valle
285 1124 326 1159 et
349 1120 399 1159 de
420 1120 662 1168 Bellalanda,
685 1126 726 1159 et
754 1121 923 1159 aliorum
943 1122 1013 1172 qui
1032 1119 1266 1171 hujusmodi
1295 1119 1487 1158 beneficia
1517 1124 1557 1158 et
1584 1124 1682 1157 tem-

162 1174 314 1226 poralia
342 1174 546 1213 destructa
573 1175 615 1213 in
645 1174 752 1213 dicta
781 1175 928 1213 diocesi
948 1181 1082 1215 vestra
1109 1174 1270 1221 habent,
1293 1178 1340 1212 ut
1368 1172 1525 1221 dicitur,
1548 1186 1680 1212 coram

161 1229 276 1267 nobis
292 1233 332 1267 et
351 1229 517 1267 concilio
537 1233 674 1267 nostro
695 1228 917 1267 exhibitam
946 1228 1169 1279 accepimus
1199 1227 1318 1278 quod,
1341 1227 1436 1266 licet
1466 1240 1537 1266 vos
1565 1226 1681 1278 plura

161 1283 353 1321 beneficia
382 1282 645 1321 ecclesiastica
673 1288 714 1321 et
747 1282 982 1334 temporalia
1011 1281 1283 1334 spiritualibus
1313 1294 1471 1320 annexa
1499 1281 1540 1319 in
1573 1280 1683 1320 dicta

160 1336 320 1375 Diocesi
340 1342 474 1375 vestra
502 1337 638 1376 taliter
666 1341 823 1375 vastata
851 1342 892 1375 et
922 1337 1136 1383 destructa,
1159 1335 1310 1374 virtute
1344 1334 1524 1374 mandati
1553 1335 1681 1373 nostri

160 1390 353 1442 praedicti,
389 1390 439 1429 de
472 1404 577 1429 novo
607 1391 741 1430 taxari
769 1390 953 1440 feceritis,
985 1389 1177 1430 beneficia
1209 1394 1346 1428 tamen
1379 1388 1613 1439 hujusmodi
1642 1393 1683 1428 et

161 1444 398 1496 temporalia
420 1444 705 1496 praedictorum
725 1445 934 1483 Abbatum
955 1449 995 1484 et
1015 1445 1197 1491 aliorum,
1217 1457 1290 1494 pro
1311 1456 1357 1482 eo
1377 1442 1486 1494 quod
1505 1443 1681 1481 asseritis

163 1512 232 1538 vos
262 1499 580 1538 commissionem
604 1504 791 1546 vestram,
814 1512 885 1550 per
913 1512 1034 1550 quam
1062 1497 1295 1549 hujusmodi
1323 1497 1571 1536 taxationem
1598 1497 1683 1536 fieri

162 1553 323 1601 fecistis,
346 1552 620 1601 Thesaurario,
644 1558 685 1592 et
703 1552 927 1591 Baronibus
950 1553 1099 1592 nostris
1119 1552 1168 1591 de
1188 1551 1392 1590 Scaccario
1412 1551 1611 1599 liberasse,
1633 1551 1682 1590 de

163 1620 269 1646 novo
298 1612 437 1645 taxare
467 1607 672 1658 hucusque
701 1607 902 1651 omisistis.
933 1607 975 1646 in
1004 1607 1184 1658 ipsorum
1214 1606 1423 1644 Abbatum
1447 1611 1488 1644 et
1516 1605 1684 1644 aliorum

163 1661 420 1712 dispendium
447 1674 528 1699 non
556 1661 758 1700 modicum
787 1666 827 1700 et
852 1674 1078 1712 gravamen,
1101 1673 1220 1711 super
1249 1673 1328 1711 quo
1348 1659 1462 1698 nobis
1492 1659 1684 1710 supplica-

163 1719 259 1753 runt
286 1719 332 1753 ut
361 1715 417 1753 eis
446 1714 496 1754 de
524 1715 702 1754 remedio
730 1715 923 1754 faciamus
952 1714 1166 1767 provideri.
1224 1714 1321 1761 Nos,
1349 1713 1683 1764 supplicationem

164 1768 382 1808 eorundem
411 1775 633 1808 annuentes
661 1769 704 1807 in
727 1769 801 1808 hac
832 1774 957 1820 parte,
980 1769 1093 1808 vobis
1112 1767 1350 1806 mandamus
1380 1767 1488 1818 quod
1518 1767 1551 1805 si
1570 1768 1683 1806 vobis

163 1827 344 1862 constare
376 1823 524 1874 poterit
553 1823 686 1875 aliqua
713 1823 947 1874 hujusmodi
976 1822 1170 1862 beneficia
1199 1822 1461 1861 ecclesiastica
1489 1834 1560 1860 seu
1588 1826 1685 1860 tem-

163 1876 315 1928 poralia
343 1877 624 1928 praedictorum
644 1877 860 1926 Abbatum,
887 1882 957 1916 aut
986 1876 1165 1924 aliorum,
1188 1876 1230 1914 in
1255 1876 1363 1914 dicta
1383 1875 1529 1914 diocesi
1549 1881 1684 1914 vestra

163 1930 294 1970 adhuc
313 1944 518 1970 remanere
534 1931 583 1970 de
603 1945 709 1970 novo
724 1931 912 1979 taxanda,
930 1936 1027 1970 tunc
1047 1944 1093 1969 ea
1113 1930 1162 1969 de
1182 1943 1286 1969 novo
1307 1930 1438 1968 taxari
1457 1929 1624 1978 faciatis,
1643 1934 1685 1968 et

164 1984 442 2024 collectoribus
462 1985 625 2024 decimae
644 1985 686 2024 in
707 1985 846 2024 eadem
866 1985 1013 2024 diocesi
1033 1989 1166 2023 vestra
1186 1983 1236 2022 de
1256 1984 1529 2022 taxationibus
1549 1983 1685 2035 hujus-

165 2038 285 2087 modi,
308 2053 398 2077 cum
426 2040 541 2078 factae
560 2039 723 2087 fuerint,
747 2044 928 2078 constare
957 2038 1152 2086 faceretis,
1173 2042 1220 2076 ut
1247 2038 1325 2089 ipsi
1353 2037 1548 2076 decimam
1574 2038 1685 2076 illam

165 2094 282 2144 juxta
301 2093 551 2132 taxationem
579 2093 813 2144 hujusmodi
831 2093 964 2132 levare
983 2092 1149 2144 possint,
1173 2096 1214 2130 et
1236 2091 1522 2130 nichilominus
1541 2092 1686 2130 taxati-

166 2159 261 2185 ones
280 2146 380 2195 illas,
403 2161 492 2185 cum
511 2147 668 2198 plenius
688 2148 804 2185 factae
829 2147 990 2194 fuerint,
1022 2146 1200 2198 praefatis
1220 2146 1486 2185 Thesaurario
1506 2150 1547 2185 et
1567 2146 1685 2185 Baro-

166 2201 284 2239 nibus
304 2201 488 2248 mittatis,
510 2206 552 2239 et
580 2201 654 2239 hoc
683 2201 812 2240 breve.
872 2201 991 2239 Teste
1019 2201 1170 2252 meipso
1199 2200 1308 2251 apud
1337 2200 1457 2242 Ebor.
1489 2200 1591 2239 xxix
1620 2200 1684 2239 die

168 2254 407 2294 Novembris
427 2254 484 2292 AO
504 2268 535 2297 r.
558 2255 686 2293 nostri
706 2255 792 2294 xii0.

225 2363 311 2401 109.
346 2361 578 2415 [Thoresby‚
610 2362 636 2400 f.
671 2361 780 2415 178]
837 2362 1124 2413 Acquietantia
1156 2362 1328 2401 Abbatis
1357 2362 1407 2401 de
1436 2361 1686 2401 Rievalle.—

168 2415 417 2454 Memorand.
441 2416 559 2466 quod,
593 2416 667 2454 sub
687 2416 782 2454 dato
802 2416 918 2454 xxiiii
947 2416 1011 2455 die
1033 2416 1289 2467 Septembris,
1312 2418 1359 2455 A.
1373 2416 1421 2455 D.
1445 2416 1509 2454 ΜΟ
1521 2423 1601 2455 ccc⁰
1614 2416 1685 2465 lx0,

167 2469 305 2508 Abbas
339 2474 380 2508 et
408 2469 642 2509 Conventus
671 2470 720 2509 de
747 2470 941 2521 Ryevalle
969 2470 1198 2509 habuerunt
1225 2483 1348 2509 unam
1375 2470 1687 2520 acquietantiam

168 2537 241 2574 pro
270 2524 550 2574 procuratione
581 2537 652 2562 sua
677 2523 826 2571 debita,
855 2524 1009 2563 ratione
1038 2525 1158 2575 primi
1187 2524 1384 2563 adventus
1414 2524 1590 2572 Domini,
1613 2525 1687 2563 sub

170 2577 320 2616 eisdem
343 2578 471 2616 forma
500 2583 541 2616 et
569 2583 707 2616 tenore
726 2578 940 2617 verborum
968 2583 1090 2629 prout
1108 2578 1224 2617 Prior
1252 2579 1302 2617 de
1322 2578 1517 2617 VVattona
1545 2578 1687 2617 habuit

169 2632 212 2670 in
232 2645 325 2671 casu
345 2632 550 2680 consimili,
573 2636 694 2683 prout
714 2637 825 2683 patet
844 2632 886 2671 in
906 2632 1248 2672 Archidiaconatu
1267 2633 1340 2671 Est
1360 2632 1520 2684 Riding.
