2033 3242
586 337 901 369 CARTULARIUM
921 339 1226 369 RIEVALLENSE.
1581 335 1598 372 1
1609 336 1630 372 5
1638 334 1660 374 7

148 445 323 496 pastura
343 442 457 484 inter
476 441 715 497 Egleshope
737 447 779 484 et
801 443 1058 498 Hodeshope
1085 443 1305 485 habebunt
1325 443 1499 485 domum
1527 445 1662 501 longi-

148 499 313 541 tudinis
334 514 362 540 x
379 500 639 554 perticarum
655 506 697 541 et
716 500 960 542 latitudinis
975 516 1035 541 xx
1056 502 1225 555 pedum,
1247 505 1289 543 et
1310 515 1434 543 canes
1455 508 1498 544 et
1519 504 1663 545 hortos

149 557 261 598 sicut
281 557 497 598 voluerint
516 557 628 598 infra
658 558 898 599 clausuram
929 573 1062 609 suam,
1086 573 1181 613 quae
1210 573 1376 613 semper
1396 561 1478 601 erit
1497 562 1661 615 magni-

147 615 312 656 tudinis
333 616 454 669 cujus
476 615 561 656 fuit
580 619 770 670 tempore
786 630 870 670 quo
892 622 1008 657 carta
1028 617 1118 658 haec
1138 618 1251 658 facta
1272 618 1365 658 fuit.
1425 619 1484 658 Et
1504 619 1662 660 facient

149 673 195 713 in
217 673 365 714 eadem
385 677 562 727 pastura
582 673 718 714 faldas
740 674 998 716 animalibus
1015 675 1115 723 suis,
1137 680 1180 716 et
1201 675 1416 716 clausuras
1438 676 1492 717 ad
1513 677 1661 718 fenum

147 730 392 771 faciendum
425 736 636 785 quantum
671 731 896 781 voluerint,
928 737 970 773 et
1004 732 1080 773 ubi
1111 733 1171 773 eis
1201 733 1410 787 placuerit:
1440 738 1483 775 et
1510 735 1662 776 utilius

147 788 288 830 fuerit.
331 787 389 829 Et
401 788 448 829 in
463 793 637 842 pastura
649 803 854 843 equarum
865 790 1086 831 habebunt
1107 790 1242 831 faldas
1264 791 1317 832 ad
1332 805 1462 845 equos
1481 791 1661 847 illaque—

147 846 292 896 andos,
329 850 373 887 et
407 846 567 888 facient
611 847 672 888 ibi
712 848 859 888 fenum
900 853 1111 902 quantum
1150 848 1375 898 voluerint,
1412 854 1454 891 et
1489 851 1564 891 ubi
1600 852 1660 892 eis

146 903 369 958 placuerit,
387 904 479 945 sine
493 905 667 946 defensa
682 905 878 946 facienda
893 910 1123 960 antequam
1139 905 1392 947 falcaverint
1406 923 1413 947 :
1429 907 1469 961 [1
1479 908 1571 962 421³]
1586 909 1660 950 sed

147 965 374 1016 postquam
423 962 686 1012 falcaverint,
732 963 865 1004 libere
911 964 1152 1005 custodient
1193 969 1236 1005 et
1271 965 1474 1019 colligent
1512 966 1661 1007 fenum

145 1034 295 1061 suum:
327 1024 370 1062 et
390 1019 611 1061 habebunt
630 1020 912 1076 longitudinis
937 1035 966 1062 x
999 1022 1257 1075 perticarum
1289 1022 1475 1073 domum,
1500 1030 1543 1064 et
1562 1024 1660 1065 lati-

143 1078 309 1119 tudinis
329 1092 391 1119 xx
411 1078 570 1132 pedum
595 1079 642 1119 in
672 1079 800 1133 plano
831 1079 884 1120 ad
919 1082 1049 1133 caput
1080 1079 1131 1120 de
1162 1080 1406 1129 Kauesete,1
1422 1082 1550 1134 juxta
1585 1083 1660 1123 ubi

142 1136 462 1190 Ethresgilebec
493 1136 608 1177 cadit
636 1136 683 1177 in
713 1137 911 1177 Theisam
945 1150 1092 1178 versus
1123 1137 1342 1186 orientem,
1365 1142 1407 1178 et
1435 1139 1545 1180 eirca
1576 1145 1663 1180 une

144 1208 261 1236 acras
283 1199 406 1235 terrae
427 1194 686 1235 claudendas
708 1194 798 1248 sepi
820 1199 862 1235 et
892 1195 1061 1243 fossato,
1083 1198 1126 1235 et
1155 1196 1339 1236 utendas
1360 1196 1472 1237 sicut
1492 1197 1659 1238 voluer-

144 1253 222 1302 int,
254 1266 279 1293 a
309 1252 418 1293 festo
450 1252 488 1293 S.
521 1252 703 1292 Martini
737 1266 873 1306 usque
909 1252 963 1293 ad
996 1253 1173 1293 initium
1204 1254 1364 1294 mensis
1400 1254 1574 1307 Aprilis,
1605 1256 1659 1296 ad

144 1324 276 1364 equos
309 1316 351 1351 et
386 1310 527 1364 pullos
563 1323 662 1351 suos
699 1315 741 1351 et
773 1315 961 1363 pastores
979 1326 989 1362 ;
1031 1314 1074 1351 et
1108 1310 1272 1364 reliquo
1305 1315 1496 1365 tempore
1530 1313 1662 1354 frater

144 1381 301 1417 eorum,
323 1373 366 1409 et
387 1368 470 1409 duo
491 1368 723 1409 servientes
754 1368 830 1421 qui
860 1381 990 1422 equos
1022 1368 1313 1417 custodierint,
1334 1369 1397 1410 ibi
1428 1375 1555 1410 erunt
1584 1385 1661 1424 per

143 1431 300 1476 noctes,
321 1431 363 1467 et
385 1426 534 1466 diebus
555 1426 822 1479 requiescent
853 1431 896 1466 et
926 1426 1150 1466 comedent
1179 1426 1350 1480 quando
1381 1440 1487 1480 opus
1518 1428 1660 1477 fuerit,

142 1488 186 1525 et
206 1498 351 1525 curam
372 1488 497 1538 agent
514 1483 718 1524 clausurae
735 1497 821 1524 suae
838 1488 881 1524 et
897 1483 1059 1533 domus,
1074 1497 1128 1524 ne
1143 1488 1319 1538 pereant
1334 1499 1343 1535 3
1363 1489 1406 1525 et
1421 1485 1497 1526 ubi
1511 1486 1660 1527 fenum

142 1555 269 1582 suum
291 1541 659 1595 comportaverint,
681 1541 882 1582 claudent
911 1541 1022 1582 illud
1053 1542 1144 1595 sepi
1175 1541 1423 1591 sufficiente,
1455 1547 1497 1583 et
1527 1544 1658 1586 libere

141 1600 301 1641 ducent
321 1600 468 1640 senum
489 1613 614 1640 suum
635 1599 689 1640 ad
705 1599 929 1652 praedictas
946 1599 1092 1640 domos
1108 1600 1361 1640 animalium
1377 1605 1421 1641 et
1441 1614 1659 1654 equorum,

139 1662 184 1699 et
212 1658 304 1698 vias
336 1657 507 1698 carettis
537 1656 837 1698 emendabunt.
899 1657 1094 1698 Concedo
1129 1657 1260 1698 etiam
1289 1658 1336 1698 111
1372 1659 1530 1699 foresta
1564 1673 1659 1701 mea

139 1715 256 1770 ligna
285 1718 328 1756 et
357 1715 579 1755 materiem
610 1719 652 1756 et
682 1714 972 1769 opertorium2
1002 1715 1055 1756 ad
1090 1715 1314 1769 praedictas
1340 1715 1497 1765 domos,
1530 1722 1573 1758 et
1603 1718 1657 1758 ad

139 1773 285 1822 faldas,
308 1778 351 1814 et
371 1773 425 1814 ad
446 1773 659 1822 focariam,
681 1777 724 1814 et
754 1773 838 1813 alia
868 1773 1121 1814 aisiamenta
1142 1773 1194 1814 ad
1216 1787 1314 1814 suos
1341 1775 1532 1827 proprios
1554 1789 1657 1816 usus

139 1831 186 1872 in
216 1831 377 1872 eisdem
411 1831 528 1880 locis,
559 1835 602 1872 et
636 1835 686 1871 ut
720 1831 966 1872 libertatem
1001 1832 1187 1872 habeant
1218 1845 1293 1885 per
1328 1835 1462 1872 totam
1497 1836 1656 1873 terram

138 1903 278 1931 meam
314 1889 445 1930 eundi
480 1893 523 1930 et
557 1888 775 1938 redeundi,
812 1893 854 1929 et
889 1889 1074 1930 ducendi
1109 1903 1174 1930 res
1211 1903 1309 1929 suas
1342 1893 1385 1930 et
1414 1903 1565 1943 pecora
1601 1891 1655 1932 ad

138 1952 368 2001 pasturam,
389 1951 432 1988 et
452 1946 693 1988 reducendi.
755 1947 964 1988 Praeterea
985 1947 1084 1987 dedi
1113 1947 1173 1988 eis
1205 1947 1310 1988 duas
1335 1947 1512 1988 bovatas
1533 1953 1655 1990 terrae

139 2006 186 2046 in
221 2005 326 2046 villa
361 2018 457 2046 mea
492 2005 545 2046 de
580 2004 821 2045 Mideltona
856 2005 1058 2059 plenarie,
1095 2018 1193 2045 cum
1223 2037 1231 2045 .
1264 2037 1272 2045 .
1305 2038 1313 2045 .
1352 2009 1395 2045 et
1434 2009 1654 2058 pasturam

139 2063 258 2104 intus
280 2068 323 2104 et
344 2068 475 2112 extra,
491 2063 737 2116 ubicunque
758 2076 908 2116 pecora
924 2063 1114 2116 ejusdem
1133 2062 1255 2116 [143]
1272 2062 1387 2103 villae
1407 2068 1654 2116 pascuntur,

139 2121 194 2162 ad
222 2121 271 2161 iii
302 2135 431 2175 equos
462 2126 505 2162 et
536 2135 566 2161 X
595 2121 725 2162 boves
756 2125 799 2161 et
829 2121 883 2161 ad
914 2120 1051 2161 sexies
1082 2118 1167 2160 xxti
1197 2134 1306 2170 oves,
1330 2134 1512 2174 quarum
1543 2122 1653 2176 agni,

138 2184 236 2233 post
257 2179 579 2233 separationem,
599 2178 700 2219 inde
720 2178 1065 2227 removebuntur,
1087 2183 1130 2218 et
1160 2177 1214 2218 ad
1234 2178 1344 2218 11111ῒΟ
1370 2192 1532 2228 vaccas,
1554 2193 1652 2220 cum

137 2244 260 2278 tauro
283 2242 324 2278 et
345 2237 608 2278 nutrimento
640 2250 727 2285 suo,
749 2250 847 2277 cum
878 2236 1033 2289 quibus
1063 2236 1188 2276 ibunt
1218 2236 1266 2275 in
1285 2236 1534 2290 praedictam
1555 2251 1650 2291 pas-

137 2299 280 2335 turam
310 2294 562 2335 animalium
593 2294 764 2347 quando
794 2297 982 2347 pastores
1014 2307 1158 2334 eorum
1189 2293 1413 2342 voluerint,
1444 2295 1505 2335 ita
1536 2296 1650 2349 quod

136 2352 267 2394 vituli
297 2357 340 2393 et
370 2352 529 2401 vitulae,
560 2365 658 2392 cum
688 2351 848 2392 fuerint
878 2351 1060 2392 duorum
1095 2365 1315 2401 annorum,
1336 2352 1438 2392 inde
1465 2367 1649 2394 remove-

134 2411 306 2452 buntur.
378 2410 588 2451 Praeterea
618 2409 717 2450 dedi
748 2409 808 2450 eis
838 2413 1056 2463 pasturam
1087 2408 1140 2450 ad
1171 2409 1308 2450 sexies
1339 2409 1424 2450 xxti
1448 2411 1649 2452 animalia

180 2524 192 2544 ¹
215 2524 290 2556 The
321 2524 560 2567 orthography
587 2523 623 2555 of
652 2523 725 2555 this
752 2534 853 2555 name
928 2523 965 2555 in
991 2523 1052 2555 the
1079 2524 1230 2556 Furness
1256 2523 1423 2557 Coucher.
1483 2525 1557 2557 The
1580 2528 1649 2557 ter-

136 2569 166 2601 is
182 2579 220 2601 so
235 2569 417 2600 uncertain
432 2569 512 2600 that
535 2569 566 2599 it
588 2568 618 2599 is
640 2568 766 2599 almost
782 2567 854 2598 idle
931 2567 1148 2598 minationis
1165 2567 1279 2600 Norse
1302 2569 1338 2599 in
1362 2568 1409 2599 its
1432 2568 1557 2610 origin,
1578 2569 1648 2601 and

135 2615 174 2644 to
189 2612 367 2654 speculate
382 2622 475 2653 upon
486 2612 583 2643 what
594 2611 624 2643 it
639 2611 669 2642 is
684 2610 853 2642 intended
930 2611 1005 2642 still
1021 2611 1109 2642 lives
1125 2612 1162 2642 in
1181 2611 1391 2653 Norwegian
1407 2617 1511 2644 sceter.

136 2659 174 2687 to
204 2658 397 2697 represent.
454 2655 630 2686 thether
659 2654 721 2686 the
755 2654 854 2685 third

136 2699 243 2731 letter
258 2699 286 2730 is
303 2710 326 2730 n
338 2709 376 2730 or
392 2709 423 2737 u,
443 2699 513 2730 and
536 2699 597 2730 the
620 2697 854 2739 penultimate
972 2696 986 2715 ‘²
1009 2697 1279 2738 Co-opertorium
1302 2698 1332 2729 is
1358 2698 1420 2729 the
1445 2698 1542 2730 word
1566 2709 1646 2730 usu-

137 2754 153 2775 c
180 2753 219 2774 or
245 2747 266 2781 t,
299 2745 431 2775 cannot
461 2742 504 2773 be
535 2741 682 2773 decided
714 2741 760 2782 by
792 2740 852 2772 the
928 2740 1001 2782 ally
1031 2741 1216 2783 employed
1246 2742 1282 2772 111
1314 2742 1520 2773 connection
1558 2742 1645 2773 with

136 2786 288 2827 writing.
336 2786 413 2818 Sece
428 2785 546 2817 would
561 2785 604 2816 be
621 2784 853 2826 meaningless
929 2784 1071 2826 roofing,
1091 2784 1161 2816 and
1185 2784 1373 2826 especially
1395 2785 1482 2816 with
1506 2785 1644 2816 thatch-

137 2830 174 2860 in
200 2829 287 2861 such
313 2839 334 2861 a
360 2829 522 2871 position,
550 2828 621 2860 and
647 2833 711 2860 sete
735 2827 852 2859 would
929 2827 999 2869 ing,
1018 2828 1208 2859 materials.
1244 2828 1279 2859 It
1295 2828 1324 2859 is
1337 2828 1487 2869 perhaps
1504 2838 1592 2869 open
1609 2830 1645 2859 to

136 2874 219 2911 not;
245 2872 315 2904 and
331 2873 361 2904 it
376 2873 405 2904 is
421 2875 483 2904 not
505 2874 544 2904 at
567 2871 616 2903 all
632 2882 676 2904 an
703 2871 854 2902 unusual
928 2872 1090 2912 question
1119 2871 1279 2902 whether
1316 2881 1355 2903 or
1384 2882 1428 2902 no
1458 2871 1519 2902 the
1551 2871 1646 2902 word

135 2915 220 2947 final
242 2916 393 2948 element
417 2916 453 2947 in
479 2915 713 2957 place-names
736 2925 852 2946 occur·
928 2914 1070 2955 applied
1101 2914 1183 2946 here
1214 2925 1295 2954 may
1325 2914 1368 2945 be
1402 2914 1571 2945 intended
1608 2917 1647 2946 to

135 2960 215 3001 ring
244 2970 265 2991 a
294 2959 389 2991 little
429 2970 521 2991 more
559 2961 596 2990 to
633 2958 696 2990 the
733 2958 849 2989 north.
931 2957 1058 2989 denote
1070 2958 1177 2997 what,
1196 2958 1233 2989 in
1249 2957 1314 2990 No.
1333 2966 1470 2996 CXLIX„
1489 2957 1518 2988 is
1534 2957 1645 2989 called

133 3002 242 3042 Thus,
258 3003 344 3035 such
359 3013 478 3034 names
494 3012 553 3034 are
568 3004 632 3034 not
647 3011 854 3033 uncommon
930 3001 1095 3033 scindam.
