2033 3242
350 240 432 277 284
785 248 1099 278 CARTULARIUM
1118 248 1426 280 RIEVALLENSE.

350 356 528 394 vocatur
575 353 788 402 Hardene,
828 353 941 394 inter
982 352 1272 394 Hadeltonam
1322 358 1366 395 et
1416 354 1718 408 Cullingwrde,
1759 367 1860 394 cum

351 411 652 465 pertinenciis:
701 411 1027 452 Concessionem
1063 410 1245 460 etiam,.
1299 444 1306 453 .
1354 445 1362 452 .
1407 426 1513 466 quas
1556 413 1769 453 Robertus
1807 411 1860 452 de

352 469 653 523 Everyngham
674 473 717 509 et
738 469 932 517 Isabella,
952 482 1061 508 uxor
1084 469 1187 521 ejus,
1220 502 1228 510 .
1263 501 1271 510 .
1304 501 1312 509 .
1344 470 1538 511 fecerunt
1559 471 1653 511 Deo
1685 504 1692 511 .
1726 502 1734 511 .
1767 502 1776 510 .
1809 468 1862 510 de

351 532 443 568 tota
462 527 568 567 villa
589 527 640 567 de
663 527 919 576 Hadeltona,
941 533 984 568 et
1005 530 1096 567 toto
1119 526 1244 567 bosco
1265 526 1318 568 de
1349 527 1551 569 Hardene
1573 533 1616 569 et
1638 527 1864 569 duodecim

352 585 519 625 bovatis
564 590 698 634 terrae,
740 589 783 625 et
832 584 1062 626 medietate
1106 584 1345 625 molendini
1385 585 1437 626 de
1479 585 1779 641 Cullingwrde,
1821 589 1866 625 et

353 642 489 683 tribus
531 643 698 683 bovatis
733 646 866 691 terrae,
898 656 996 683 cum
1036 643 1325 696 pertinenciis,
1366 643 1413 683 in
1453 643 1685 698 Fagheder,
1726 648 1769 684 et
1812 643 1865 683 de

352 700 550 741 omnibus
572 700 830 741 tenementis
848 703 890 741 et
920 700 1084 741 tenuris
1116 714 1211 754 quae
1233 701 1338 742 dicti
1359 702 1558 742 monachi
1587 702 1704 756 prius
1726 701 1864 742 habu-

352 763 479 799 erunt
501 758 552 799 de
574 759 684 799 dono
705 758 813 799 Adae
835 758 915 798 filii
937 758 1056 799 Petri
1077 762 1120 799 et
1140 759 1169 800 J
1173 758 1353 800 ohannis
1376 759 1428 800 de
1459 759 1637 814 Birkyn,
1658 760 1738 800 filii
1759 760 1865 812 ejus,

353 817 398 857 in
429 816 726 857 Rumlesmora
759 821 801 857 et
838 816 1107 870 Steinburga,
1144 830 1242 857 cum
1278 817 1566 871 pertinenciis,
1588 822 1631 859 et
1661 817 1714 858 de
1750 831 1864 858 com-

352 888 484 915 muna
504 879 692 928 pasturae
713 874 873 928 ubique
894 875 941 915 in
972 875 1229 929 Steinburga
1259 875 1313 916 ad
1342 875 1499 929 viginti
1529 880 1713 929 quatuor
1733 875 1864 916 boves

352 936 396 973 et
417 932 469 973 ad
491 937 676 986 quatuor
697 946 828 986 equos
858 932 930 973 vel
960 946 1103 986 equas,
1124 937 1168 973 et
1198 933 1252 974 ad
1282 933 1438 987 viginti
1468 947 1616 986 porcos
1647 947 1747 974 cum
1778 946 1865 973 uno

352 1004 484 1040 verre,
506 994 548 1031 et
584 991 638 1031 ad
673 991 829 1045 viginti
865 1004 1016 1031 vaccas
1053 1004 1152 1032 cum
1184 1005 1271 1031 uno
1307 995 1442 1041 tauro,
1464 995 1507 1032 et
1538 991 1592 1031 ad
1627 995 1864 1032 trescentas

352 1049 550 1089 matrices
579 1062 690 1098 oves,
711 1048 781 1089 vel
812 1048 1041 1098 multones,
1071 1063 1146 1102 pro
1177 1049 1401 1090 voluntate
1433 1049 1646 1090 dictorum
1667 1049 1867 1089 monach-

353 1120 487 1155 orum,
510 1111 553 1148 et
574 1107 626 1147 de
647 1106 893 1147 rationabili
916 1107 1125 1148 estoverio
1156 1107 1203 1147 in
1232 1107 1371 1148 boscis
1402 1107 1594 1161 ipsorum
1615 1106 1792 1147 Roberti
1823 1109 1867 1147 et

352 1165 557 1214 Isabellae,
580 1169 622 1205 et
643 1165 858 1205 haeredum
882 1179 1067 1214 suorum,
1091 1165 1142 1206 de
1165 1165 1424 1219 Stainburga
1452 1165 1506 1206 ad
1528 1165 1867 1206 comburendum

351 1224 398 1263 in
418 1223 594 1277 grangia
616 1223 667 1263 de
700 1223 988 1277 Falghthweit
1021 1223 1073 1264 de
1101 1222 1230 1277 lignis
1267 1223 1402 1272 siccis,
1424 1228 1467 1264 et
1501 1223 1637 1264 libero
1670 1224 1866 1277 ingressu

352 1286 395 1321 et
417 1294 587 1334 egressu
607 1281 854 1321 hominibus
895 1285 938 1321 et
974 1281 1232 1322 animalibus
1266 1282 1354 1322 suis
1391 1282 1446 1322 ad
1481 1281 1730 1335 praedictam
1752 1294 1867 1322 com-

353 1352 529 1379 munem
569 1343 789 1392 pasturam
825 1339 871 1378 in
914 1339 1194 1393 Stainburge:
1237 1340 1528 1380 Donationem
1568 1339 1745 1393 insuper
1775 1372 1783 1380 .
1817 1372 1824 1379 .

352 1410 459 1450 quas
490 1397 702 1437 Robertus
733 1397 785 1437 de
818 1397 1025 1437 Surdeval
1057 1430 1063 1438 .
1097 1429 1105 1438 .
1138 1430 1146 1438 .
1178 1397 1280 1438 fecit
1311 1398 1405 1439 Deo
1436 1431 1444 1438 .
1477 1430 1485 1438 .
1518 1430 1526 1438 .
1559 1398 1612 1438 de
1653 1397 1871 1438 communi

352 1459 527 1508 pastura
557 1454 690 1495 trium
722 1460 1036 1495 carrucatarum
1068 1459 1192 1496 terrae
1222 1469 1310 1496 suae
1340 1456 1387 1496 in
1407 1455 1651 1510 Nageltona
1678 1455 1733 1496 ad
1754 1454 1873 1495 ccctas

353 1526 466 1562 oves,
497 1513 550 1553 ad
582 1526 687 1566 quas
718 1512 834 1553 idem
865 1513 1076 1554 Robertus
1107 1514 1316 1554 concessit
1352 1514 1413 1555 eis
1444 1517 1743 1554 communeml
1774 1526 1871 1566 pas—

352 1575 494 1611 turam
524 1571 571 1611 in
604 1570 821 1620 Bothlum,
842 1585 1024 1624 quarum
1056 1572 1154 1625 agni
1176 1577 1303 1612 erunt
1322 1572 1485 1612 ibidem
1515 1571 1741 1612 annuatim
1772 1584 1873 1612 oum

353 1629 562 1669 matribus
599 1642 736 1682 usque
768 1629 822 1669 ad
855 1629 1178 1683 separationem,
1200 1634 1243 1670 et
1279 1630 1331 1671 de
1361 1630 1495 1670 libero
1532 1643 1703 1684 egressu
1734 1634 1778 1670 et
1807 1642 1872 1669 re-

353 1699 500 1740 gressu
516 1700 541 1727 a
553 1687 743 1727 bercaria
760 1688 951 1740 ipsorum
966 1687 1312 1742 monac[h]orum
1326 1687 1377 1729 de
1396 1688 1602 1741 Scipnum
1619 1688 1673 1728 ad
1690 1687 1872 1728 eandem

353 1750 600 1797 pasturam:
631 1745 921 1786 Donationem
957 1746 1097 1794 etiam,
1129 1778 1136 1786 .
1170 1778 1177 1786 .
1211 1778 1219 1787 .
1251 1759 1357 1799 quas
1388 1746 1600 1786 Robertus
1642 1745 1695 1786 de
1731 1744 1873 1785 Bulle-

354 1802 492 1843 fordia
522 1837 529 1844 .
564 1836 571 1844 .
604 1835 612 1843 .
646 1803 749 1843 fecit
779 1803 873 1844 Deo
905 1836 912 1843 .
946 1836 954 1844 .
986 1836 994 1844 .
1027 1804 1080 1844 de
1121 1818 1263 1844 annuo
1306 1804 1479 1844 redditu
1509 1810 1604 1844 octo
1636 1803 1871 1843 solidorum

354 1861 536 1901 ‹luarum
554 1861 806 1901 bovatarum
821 1860 914 1916 [sic]
931 1864 1052 1902 terrae
1065 1875 1162 1902 cum
1177 1862 1454 1915 pertinenciis
1468 1862 1514 1902 in
1530 1861 1575 1901 N
1577 1861 1871 1915 aeltona‚quas

355 1919 545 1973 Rogerus
567 1919 619 1960 de
634 1919 829 1973 Valoyns
846 1919 989 1960 tenuit
1006 1933 1104 1960 cum
1121 1920 1274 1969 wardo,
1290 1919 1459 1969 relevio,
1474 1919 1659 1968 eskaeto,
1673 1918 1871 1973 homagio

355 1982 398 2017 et
419 1977 598 2017 servicio
621 1977 812 2030 ejusdem
843 1978 997 2030 Rogeri
1028 1982 1071 2018 et
1100 1978 1321 2019 haeredum
1352 1991 1549 2018 suorum:
1581 1977 1874 2018 Donationem

354 2034 530 2088 insuper
561 2067 571 2077 .
602 2069 609 2076 .
643 2068 651 2075 .
675 2049 780 2089 quas
804 2036 880 2076 Ivo
903 2036 972 2076 del
992 2035 1104 2076 Dale
1132 2036 1184 2076 de
1216 2036 1406 2076 Naltona
1436 2069 1444 2076 .
1477 2069 1485 2076 .
1520 2068 1528 2077 .
1561 2036 1664 2076 fecit
1685 2036 1779 2076 Deo
1799 2068 1808 2076 .
1832 2068 1840 2075 .
1864 2068 1871 2075 .

356 2092 409 2133 de
425 2093 592 2134 duabus
609 2094 717 2134 acris
738 2098 781 2134 et
803 2093 982 2134 dimidia
1003 2098 1136 2143 terrae,
1165 2108 1263 2134 cum
1283 2093 1573 2148 pertinenciis,
1588 2094 1635 2133 in
1657 2093 1873 2134 Naltona:

356 2151 645 2192 Donationem
678 2151 821 2201 etiam,
843 2165 948 2206 quas
985 2152 1138 2193 Emma
1167 2151 1257 2193 filia
1284 2151 1496 2193 Willelmi
1526 2152 1750 2192 Twaforan
1781 2185 1790 2193 .
1822 2184 1831 2191 .

357 2209 459 2249 fecit
499 2210 592 2250 Deo
634 2243 642 2251 .
685 2242 693 2250 .
736 2243 744 2250 .
782 2210 834 2250 de
874 2214 965 2250 toto
1005 2213 1262 2260 tenemento,
1294 2224 1393 2251 cum
1432 2209 1722 2264 pertinenciis,
1759 2208 1874 2263 quod

356 2266 508 2306 habuit
529 2267 574 2306 in
596 2267 837 2308 Naeltona:
868 2268 1158 2309 Donationem
1179 2269 1364 2322 insuper,
1396 2301 1404 2309 .
1439 2299 1448 2308 .
1482 2301 1489 2309 .
1523 2281 1629 2321 quas
1652 2268 1681 2308 J
1684 2268 1874 2308 ohannes

357 2324 409 2364 ‹le
440 2325 595 2378 Eyvila
627 2358 635 2366 .
667 2359 675 2366 .
708 2359 716 2366 .
749 2326 850 2366 fecit
871 2326 964 2367 Deo
995 2359 1003 2367 .
1036 2356 1044 2364 .
1080 2359 1087 2367 .
1120 2326 1173 2366 de
1201 2327 1392 2380 quinque
1419 2326 1588 2367 bovatis
1619 2330 1755 2375 terrae,
1775 2338 1875 2366 cum

357 2382 490 2431 tostis,
512 2388 554 2423 et
576 2397 674 2423 cum
696 2384 894 2425 omnibus
916 2384 1193 2437 pertinenciis
1216 2384 1316 2434 suis,
1338 2384 1385 2424 in
1406 2384 1695 2425 Natheltona:
1726 2384 1873 2424 Dona-

357 2439 519 2481 tionem
555 2444 598 2481 et
633 2440 1015 2497 reddi[di]tionem,
1046 2442 1341 2483 remissionem
1377 2445 1420 2483 et
1451 2441 1643 2496 quietam
1684 2441 1873 2482 claman-

357 2497 467 2538 ciam
496 2512 601 2552 quas
623 2498 808 2540 Mariota
829 2500 917 2541 filia
939 2500 1119 2541 Henrici
1142 2500 1193 2541 de
1215 2500 1258 2541 N
1260 2500 1405 2541 altona
1437 2532 1445 2541 .
1477 2533 1485 2540 .
1519 2533 1527 2541 .
1560 2500 1664 2540 fecit
1684 2500 1778 2540 Deo
1800 2532 1808 2540 .
1831 2532 1840 2540 .
1864 2531 1873 2539 .

357 2555 410 2596 de
445 2560 536 2596 tota
571 2562 694 2605 terra,
726 2571 822 2597 cum
859 2558 1148 2611 pertinenciis,
1181 2572 1310 2612 quam
1346 2558 1500 2598 habuit
1536 2558 1588 2598 de
1624 2557 1872 2599 haereditate

358 2614 539 2667 Agnetis
581 2615 841 2664 Twaffirane,
881 2616 1030 2657 matris
1082 2630 1180 2665 suae,
1221 2616 1268 2656 in
1317 2616 1530 2657 Naltona:
1581 2616 1869 2656 Donationem

356 2672 543 2726 insuper,
575 2705 582 2713 .
615 2705 623 2713 .
657 2705 665 2714 .
698 2686 803 2726 quas
824 2673 1043 2714 Walterus
1066 2674 1290 2715 Grimethe
1321 2707 1329 2714 .
1361 2706 1369 2715 .
1402 2706 1410 2714 .
1443 2674 1546 2714 fecit
1570 2674 1665 2714 Deo
1696 2706 1704 2714 .
1737 2706 1744 2714 .
1778 2706 1787 2714 .
1820 2672 1873 2713 de

357 2743 443 2770 uno
503 2730 624 2780 tofto,
665 2744 763 2771 cum
823 2731 1112 2784 pertinenciis,
1153 2732 1200 2772 in
1261 2732 1528 2773 Naueltona:
1582 2731 1872 2772 Donationem

357 2787 486 2828 etiam
517 2821 525 2828 .
558 2821 565 2828 .
598 2821 606 2830 .
640 2802 745 2842 quas
777 2789 965 2842 Rogerus
997 2789 1048 2830 de
1069 2789 1287 2843 Valoynes
1318 2823 1326 2830 .
1358 2823 1366 2830 .
1399 2822 1408 2830 .
1442 2789 1545 2830 fecit
1573 2789 1666 2829 Deo
1697 2822 1705 2830 .
1737 2822 1745 2829 .
1779 2821 1787 2829 .
1820 2788 1875 2828 de

356 2859 441 2885 uno
463 2846 572 2887 tofto
593 2860 692 2887 cum
712 2847 989 2900 pertinenciis
1006 2848 1050 2887 in
1067 2847 1280 2888 Naltona:
1312 2848 1602 2888 Donationem
1619 2847 1816 2900 insuper.
1837 2879 1843 2884 .
1865 2878 1873 2886 .

900 2919 910 2938 ¹
929 2920 1085 2951 XVritten
1103 2931 1327 2953 commwzam.
