2033 3242
321 270 373 307 68
755 276 1069 307 CARTULARIUM
1091 275 1395 305 RIEVALLENSE.

319 382 381 423 ita
401 385 450 422 ut
470 381 581 436 pulli
603 386 645 423 et
665 381 830 435 pultrae,
851 395 947 422 cum
969 384 1139 421 aetatem
1160 380 1341 421 duorum
1362 393 1570 420 annorum
1591 377 1830 425 habuerint,

319 440 418 481 inde
454 439 809 490 removebuntur3
839 444 881 479 et
915 443 1134 492 pasturam
1169 437 1223 478 ad
1257 438 1394 478 sexies
1429 436 1584 491 viginti
1619 434 1831 484 animalia,

319 498 410 538 sine
432 503 558 547 secta,
580 502 623 538 et
645 497 696 537 ad
718 497 779 536 xii
800 510 948 537 vaccas
970 500 1012 536 et
1033 495 1138 536 duos
1160 500 1314 544 tauros,
1335 509 1432 536 cum
1460 495 1723 535 nutrimento
1743 506 1832 541 suo,

319 556 363 596 in
377 569 464 595 una
480 560 599 608 parte
616 555 806 608 ejusdem
823 555 999 602 forestae,
1013 553 1114 602 scil,
1129 553 1241 593 infra
1254 553 1490 606 Egleshope
1508 556 1550 593 et
1564 550 1832 604 Hodeshope,

319 627 392 667 per
423 613 498 653 has
530 613 686 653 divisas
705 613 840 653 z—EX
870 616 989 665 parte
1018 610 1253 664 aquilonali
1275 617 1350 651 etc.
1376 611 1440 664 [as
1470 611 1515 650 in
1545 610 1624 650 No.
1647 619 1770 649 CCXV.
1793 612 1831 648 to

319 671 447 711 vituli
483 674 525 711 et
560 669 736 719 vitulae,1
772 670 888 709 when
922 669 958 709 z‘t
992 669 1194 722 proceeds]
1228 668 1288 708 xii
1325 667 1436 722 [68b]
1469 681 1693 708 vaccarum
1733 679 1832 707 cum

319 732 490 769 aetatem
519 728 552 768 ii
582 741 791 768 annorum
823 727 1051 767 habuerint
1081 726 1181 767 inde
1211 726 1551 767 removebuntur.
1625 725 1832 765 Praeterea

319 786 371 826 do
394 786 453 826 eis
474 785 506 825 ii
536 786 712 826 bovatas
742 790 862 825 terrae
893 785 939 824 in
960 784 1063 825 villa
1094 798 1188 824 mea
1219 784 1270 825 de
1303 782 1602 824 Middeltona2
1631 781 1833 836 plenarie,

319 857 413 884 cum
438 843 636 883 omnibus
658 843 921 896 appendiciis
953 849 995 883 et
1025 842 1150 883 rebus
1182 842 1319 883 eidem
1351 845 1472 882 terrae
1502 840 1830 894 pertinentibus,

318 901 362 941 in
384 901 510 941 bosco
531 904 573 941 et
593 901 734 954 plano,
755 901 800 940 in
822 900 955 954 pratis
977 904 1019 940 et
1049 899 1229 954 pascuis,
1250 899 1292 939 in
1314 899 1396 940 viis
1417 904 1460 940 et
1481 898 1655 946 semitis,
1677 898 1831 938 liberas

318 992 326 1000 .
358 993 366 1000 .
400 992 408 999 .
441 963 482 999 et
523 972 793 999 communem
834 963 1054 1012 pasturam
1095 958 1285 1011 ejusdem
1326 957 1453 1006 villae,
1493 970 1592 997 cum
1632 955 1829 996 omnibus

316 1017 586 1057 libertatibus
617 1023 659 1057 et
691 1016 951 1057 aisiamentis
982 1029 1077 1069 quae
1107 1016 1323 1069 pertinent
1353 1015 1518 1055 duabus
1539 1013 1634 1055 aliis
1665 1013 1830 1053 bovatis

316 1075 362 1114 in
395 1075 542 1115 eadem
579 1074 690 1114 villa..
756 1074 812 1114 Et
833 1073 1053 1114 sciendum
1087 1073 1199 1127 quod
1234 1073 1446 1126 praedictae
1470 1085 1607 1112 vaccae
1633 1075 1675 1112 et
1708 1071 1830 1118 tauri,

317 1145 415 1172 cum
437 1132 701 1173 nutrimento
723 1145 810 1180 suo,
831 1132 957 1172 ibunt
987 1132 1041 1172 ad
1072 1145 1340 1172 communem
1371 1135 1589 1184 pasturam
1620 1128 1830 1182 praedietae

315 1189 430 1230 villae
452 1190 622 1243 quando
643 1194 831 1244 pastores
852 1190 1157 1230 monachorum
1187 1189 1412 1229 voluerint.
1474 1187 1669 1229 Concedo
1700 1186 1831 1227 etiam

315 1248 376 1289 eis
398 1248 649 1288 aisiamenta
669 1248 714 1288 in
735 1247 936 1301 praedieta
957 1247 1115 1288 foresta
1135 1260 1240 1296 mea,
1262 1246 1362 1295 scil„
1379 1246 1599 1287 materiem
1620 1244 1674 1285 ad
1695 1243 1830 1285 faldas

317 1305 532 1346 faciendas
554 1306 607 1346 ob
629 1319 758 1359 equas
779 1305 1086 1358 illaqueandas,
1109 1309 1151 1345 et
1181 1304 1314 1358 logias
1336 1304 1389 1345 ad
1410 1317 1516 1357 opus
1536 1306 1767 1357 pastorum,
1787 1306 1830 1343 et

317 1363 470 1404 focalia
509 1363 562 1404 ad
604 1377 702 1404 suos
745 1364 935 1416 proprios
976 1376 1103 1413 usus;
1154 1366 1196 1403 et
1236 1366 1286 1402 ut
1325 1362 1370 1402 in
1410 1361 1615 1415 praedicta
1654 1364 1830 1414 pastura

315 1421 577 1470 animalium,
599 1421 700 1470 scil,
721 1421 834 1461 infra
864 1420 1101 1474 Egleshope
1132 1425 1175 1461 et
1206 1420 1476 1473 Hodeshope,
1507 1419 1667 1459 faciant
1696 1418 1829 1472 logias

315 1478 368 1519 ad
390 1493 495 1532 opus
517 1483 734 1532 pastorum
757 1479 1019 1527 animalium,
1041 1483 1084 1519 et
1105 1478 1240 1519 faldas
1261 1478 1314 1518 ad
1345 1491 1451 1531 opus
1482 1476 1757 1527 animalium3
1788 1481 1830 1516 et

317 1540 365 1577 ut
385 1537 626 1577 libertatem
641 1536 825 1577 habeant
841 1550 915 1590 per
930 1540 1065 1577 totam
1081 1540 1239 1576 terram
1251 1549 1390 1577 meam
1407 1535 1536 1576 eundi
1553 1540 1596 1575 et
1611 1534 1829 1581 redeundi,

316 1598 358 1635 et
380 1594 565 1635 ducendi
586 1595 787 1635 animalia
809 1608 885 1635 sua
901 1595 954 1635 ad
975 1600 1194 1648 pasturam
1218 1599 1260 1634 et
1273 1593 1516 1634 reducendi.
1576 1592 1827 1632 Notandum

315 1655 456 1693 autem
480 1652 593 1706 quod
616 1652 662 1692 in
682 1652 909 1706 saepedicta
929 1657 1103 1706 pastura
1134 1651 1385 1692 animalium
1408 1651 1565 1691 facient
1596 1648 1691 1704 [69]
1713 1649 1827 1690 clau-

316 1724 454 1751 suram
480 1710 532 1750 ad
554 1711 701 1751 fenum
723 1710 965 1751 faciendum
997 1714 1206 1763 quantum
1237 1709 1465 1757 voluerint,
1486 1708 1560 1749 ubi
1592 1709 1652 1748 eis
1682 1707 1827 1761 placu-

314 1768 404 1817 erit,
427 1774 468 1808 et
489 1768 640 1809 utilius
662 1768 815 1818 fuerit3
845 1772 888 1809 et
918 1773 1104 1821 pastores
1136 1767 1354 1807 habebunt
1375 1780 1532 1808 cornua
1562 1780 1660 1806 cum
1691 1766 1751 1806 eis
1782 1766 1827 1805 in

312 1831 498 1879 pastura,
519 1830 562 1867 et
583 1839 707 1866 canes
728 1826 841 1866 infra
861 1825 1077 1866 clausuras
1099 1838 1196 1865 suas
1219 1830 1261 1866 et
1277 1825 1432 1879 logias3
1464 1828 1506 1865 et
1527 1824 1638 1864 infra
1659 1823 1827 1864 easdem

313 1883 530 1924 clausuras
562 1888 676 1924 ortos
697 1883 751 1924 ad
782 1883 991 1924 utendum
1023 1883 1132 1923 sicut
1164 1883 1223 1923 eis
1255 1882 1473 1937 placuerit.
1536 1882 1744 1922 Praeterea
1774 1881 1827 1920 do

316 1941 376 1982 eis
408 1975 415 1982 .
449 1974 457 1982 .
489 1975 497 1982 .
530 1941 636 1982 duas
649 1941 826 1982 bovatas
842 1946 964 1982 terrae
985 1941 1030 1981 in
1047 1940 1150 1981 Villa
1165 1954 1259 1981 mea
1277 1940 1328 1981 de
1341 1939 1606 1981 Westerdale
1627 1939 1828 1993 plenarie,

316 2013 414 2039 cum
436 1999 634 2040 omnibus
655 1999 908 2052 appenticiis
931 2002 974 2039 et
1002 1999 1128 2039 rebus
1150 1998 1287 2039 eidem
1303 1997 1320 2021 3
1348 2003 1470 2038 terrae
1501 1997 1828 2051 pertinentibus,

316 2056 360 2096 in
403 2057 527 2097 bosco
569 2061 659 2105 etc.,
687 2062 730 2097 et
771 2070 1040 2097 communem
1081 2061 1300 2109 pasturam
1341 2056 1532 2109 ejusdem
1567 2055 1694 2103 villae,
1729 2068 1828 2095 cum

316 2114 513 2154 omnibus
534 2114 805 2155 libertatibus
827 2118 869 2155 et
889 2114 1153 2155 aisiamentis
1174 2128 1269 2167 quae
1290 2114 1506 2167 pertinent
1537 2113 1701 2153 duabus
1733 2112 1828 2152 aliis

315 2172 481 2212 bovatis
509 2172 554 2211 in
586 2172 733 2213 eadem
768 2172 881 2213 villa.
958 2172 1026 2212 Do
1055 2172 1116 2212 eis
1144 2173 1274 2212 etiam
1306 2185 1575 2213 communem
1610 2175 1828 2224 pasturam

316 2229 452 2270 sexies
474 2230 628 2283 viginti
660 2230 929 2279 animalibus,
951 2230 1043 2270 sine
1075 2234 1200 2278 secta,
1230 2244 1306 2283 per
1336 2243 1461 2269 omne
1491 2228 1753 2269 territorium
1785 2233 1827 2268 et

317 2301 392 2340 per
412 2292 547 2327 totam
569 2288 769 2328 forestam
792 2302 928 2328 meam
943 2288 994 2328 de
1008 2288 1271 2328 NVesterdale
1289 2287 1460 2341 ubique,
1476 2286 1599 2340 longe
1622 2291 1664 2326 et
1685 2299 1826 2339 prope,

318 2345 409 2385 sine
430 2345 725 2394 retinemento,
748 2345 936 2399 exceptis
958 2345 1091 2399 pratis
1107 2350 1151 2386 et
1171 2345 1322 2394 bladis,
1335 2345 1502 2399 quibus,
1523 2347 1619 2398 post
1639 2343 1826 2384 ablatam

319 2408 543 2451 vesturam,
564 2403 647 2456 ipsi
668 2407 845 2443 utentur
865 2404 976 2444 sicut
992 2403 1186 2443 homines
1203 2403 1394 2456 ejusdem
1411 2402 1525 2442 villae
1547 2401 1606 2443 eis
1620 2406 1824 2442 utuntur:

316 2463 359 2501 et
379 2464 429 2500 ut
449 2460 494 2500 in
515 2460 661 2500 eadem
683 2461 837 2501 foresta
868 2461 1108 2501 clausuram
1138 2461 1298 2501 faciant
1319 2460 1373 2501 ad
1393 2461 1540 2500 fenum
1572 2459 1827 2508 faciendum,

317 2522 360 2558 et
380 2517 517 2558 faldas
540 2522 582 2558 et
603 2518 734 2571 logias
766 2532 841 2571 per
871 2518 1024 2566 omnia,
1046 2519 1157 2559 sicut
1188 2519 1439 2571 praedictum
1470 2522 1533 2558 est
1565 2517 1714 2557 debere
1736 2517 1827 2557 fieri

316 2576 362 2616 in
383 2580 555 2629 pastura
576 2575 688 2616 infra
719 2575 954 2629 Egleshope
977 2581 1019 2616 et
1051 2576 1318 2630 Hodeshope.
1381 2576 1486 2615 Haec
1517 2575 1660 2615 onmia
1687 2587 1762 2627 ego
1784 2578 1827 2614 et

316 2633 504 2674 haeredes
527 2633 610 2674 mei
632 2634 1005 2674 manutenebimus
1023 2632 1135 2687 [69¹³]
1159 2638 1201 2674 et
1219 2633 1589 2674 warantizabimus
1611 2632 1825 2686 praedictis

358 2713 371 2733 ¹
395 2715 530 2756 Except
559 2714 640 2746 that
672 2715 873 2746 Middeltun
910 2715 1032 2746 stands
1109 2715 1179 2747 and
1239 2715 1528 2747 Gaitecastellum
1588 2715 1642 2747 for
1708 2715 1826 2747 Gaite·

316 2757 370 2789 for
398 2758 629 2796 Middeltona‚
662 2758 832 2800 Snelesgil
863 2758 917 2789 for
948 2760 1030 2790 ›Sne-
1110 2758 1228 2790 castel.

317 2800 459 2843 hesgile,
514 2801 740 2842 Langeshage
793 2801 847 2832 for
900 2801 1030 2843 Lange·
1153 2803 1166 2821 ²
1189 2803 1260 2833 The
1278 2802 1394 2833 clause
1410 2801 1684 2844 corresponding
1699 2804 1737 2834 to
1753 2802 1825 2833 this

315 2844 835 2885 schaghe,lVlfuelaickeburne
846 2844 901 2876 for
913 2844 1029 2875 lVlve-
1109 2845 1181 2876 will
1199 2845 1240 2877 be
1253 2845 1361 2877 found
1378 2845 1481 2876 much
1499 2845 1637 2876 further
1653 2856 1697 2877 on
1713 2846 1748 2877 in
1765 2846 1825 2877 the

314 2887 530 2926 laikcburne,
550 2888 839 2930 Gragretenottcs
863 2887 916 2918 for
932 2888 1028 2919 Grai-
1107 2888 1253 2930 parallel
1270 2889 1409 2920 charter
1425 2887 1536 2920 under
1552 2889 1778 2930 compurison.

315 2931 530 2972 gethmttes,
551 2931 725 2973 ¹anlesgis
750 2931 803 2963 for
826 2931 1024 2973 Snelesgile,
1149 2932 1162 2950 ²³
1189 2932 1333 2964 Eisdem.
