2033 3242
329 215 412 253 280
764 223 1077 254 CARTULARIUM
1098 221 1406 253 RIEVALLENSE.

329 329 475 369 bertus
506 328 547 370 16
569 328 670 370 Bret
693 329 745 369 de
767 328 1003 369 Karletona
1034 328 1080 368 in
1102 327 1339 381 Clyveland
1371 361 1378 369 .
1411 360 1419 368 .
1453 361 1460 369 .
1492 328 1596 369 fecit
1626 328 1720 368 Deo
1751 359 1759 368 .

330 386 382 427 de
419 390 510 427 tota
545 390 668 436 terra,
697 401 795 427 cum
830 386 1120 440 pertinenciis,
1153 399 1283 439 quam
1316 385 1468 426 habuit
1503 386 1549 426 in
1585 386 1763 426 Fithum
1798 384 1843 424 in

328 444 541 485 territorio
582 444 634 485 de
675 445 885 498 Fayceby,
926 458 1024 484 cum
1064 443 1354 497 pertinenciis,
1391 457 1444 484 ex
1485 444 1594 485 dono
1635 442 1846 484 Willelmi

328 501 538 556 Esturmy
578 502 630 543 de
671 503 892 556 Fayceby:
945 501 1275 543 Concessionem
1317 501 1446 542 etiam
1477 515 1583 555 quas
1623 501 1843 542 Walterus

330 560 382 601 de
415 560 630 614 Moubray
661 592 669 601 .
701 593 709 601 .
743 594 750 600 .
785 560 887 600 fecit
921 559 1015 600 Deo
1046 592 1054 601 .
1087 594 1095 601 .
1128 592 1135 601 .
1172 559 1223 600 de
1265 563 1356 599 tota
1389 559 1616 600 donatione
1651 560 1845 608 Osannae,

330 619 481 658 matris
503 618 752 667 suae—scil„
794 618 846 659 de
885 622 976 658 tota
1017 621 1131 658 terra
1165 617 1218 658 de
1259 617 1457 666 Huhirst,
1498 631 1596 657 cum
1637 618 1763 658 bosco
1802 621 1845 657 et

330 676 528 716 omnibus
550 675 645 716 aliis
666 676 944 729 pertinenciis
965 675 1066 725 suis,
1088 680 1130 717 et
1151 679 1241 716 toto
1262 679 1384 729 prato
1406 675 1457 715 de
1480 675 1846 729 Staindalhenges,

330 747 427 773 cum
448 734 738 787 pertinenciis,
759 738 803 775 et
832 737 922 774 toto
954 747 1096 774 annuo
1126 733 1297 774 redditu
1327 732 1505 787 triginta
1535 733 1765 774 solidorum
1794 733 1847 774 de

330 805 406 832 sex
427 791 595 832 bovatis
616 796 739 833 terrae
760 791 808 832 in
837 792 873 832 F
875 792 1038 846 ayceby
1059 805 1165 845 quas
1197 791 1345 832 Simon
1377 792 1552 845 Ingram
1574 791 1625 832 de
1646 792 1681 832 F
1683 791 1844 845 ayceby

329 849 482 899 tenuit,
504 863 600 890 cum
624 849 820 904 homagio
842 850 1033 904 ejusdem
1057 849 1242 891 Simonis
1275 854 1318 890 et
1347 849 1566 890 haeredum
1597 863 1780 899 suorum,
1802 853 1845 890 et

330 921 428 947 curn
450 907 632 957 releviis,
662 909 829 957 wardis,
861 908 1038 949 escaetis
1070 912 1113 948 et
1143 908 1341 948 omnibus
1372 908 1649 961 pertinenciis
1681 908 1780 956 suis,
1801 912 1845 948 et

328 969 419 1006 toto
441 966 629 1006 manerio
651 966 704 1006 de
734 967 928 1007 Foxtona
957 966 1004 1006 in
1036 966 1326 1020 Clyvelandia,
1358 979 1456 1006 cum
1487 965 1685 1006 omnibus
1717 965 1846 1019 perti-

330 1023 493 1064 nenciis
525 1024 625 1072 suis,
656 1025 771 1078 quod
802 1024 997 1078 praedicti
1029 1024 1173 1065 Abbas
1205 1028 1247 1064 et
1283 1023 1483 1064 monachi
1517 1023 1760 1064 habuerunt
1791 1037 1845 1064 ex

328 1081 559 1123 donatione
594 1082 807 1123 Willelmi
842 1082 895 1123 de
932 1082 1059 1137 Grey,
1095 1087 1138 1123 et
1175 1082 1227 1122 de
1265 1096 1350 1122 una
1386 1083 1540 1122 bovata
1573 1086 1709 1129 terrae,
1745 1095 1843 1122 cum

328 1139 618 1192 pertinenciis,
634 1154 764 1194 quam
780 1141 1025 1182 habuerunt
1040 1154 1094 1181 ex
1115 1140 1345 1181 donatione
1361 1139 1575 1180 Willelmi
1596 1139 1648 1180 de
1665 1139 1845 1180 Thame-

326 1202 440 1247 tona,
482 1199 687 1239 avunculi
730 1198 867 1253 ipsius
908 1198 1104 1248 Walteri,
1144 1198 1189 1238 in
1230 1198 1393 1251 Magna
1444 1198 1667 1245 Broctona‚
1708 1201 1752 1238 et
1792 1197 1844 1238 de

327 1256 525 1297 omnibus
547 1256 642 1297 aliis
664 1256 965 1297 donationibus
988 1270 1094 1311 quas
1115 1256 1360 1297 habuerunt
1381 1256 1433 1297 de
1455 1256 1602 1297 eodem
1625 1255 1846 1296 Willelmo

327 1316 369 1353 et
391 1313 486 1354 aliis
509 1315 849 1356 antecessoribus
880 1315 1016 1369 ipsius
1048 1315 1230 1356 XValteri
1261 1315 1307 1355 in
1338 1314 1486 1355 eadem
1516 1313 1621 1354 villa
1651 1317 1694 1354 et
1715 1313 1845 1355 alibi:

329 1372 677 1426 Resignationem
717 1373 904 1426 insuper,
937 1377 980 1414 et
1020 1373 1211 1427 quietam
1242 1372 1521 1413 clanianciam
1554 1385 1660 1426 quas
1698 1372 1848 1413 Simon

328 1430 498 1484 Ingram
517 1430 569 1471 de
584 1431 773 1484 Fesceby
787 1445 863 1485 per
884 1432 1091 1484 scriptum
1105 1445 1232 1472 suum
1254 1431 1356 1471 fecit
1386 1463 1394 1471 .
1428 1464 1435 1471 .
1469 1463 1476 1471 .
1509 1430 1561 1471 de
1582 1444 1669 1471 una
1689 1430 1846 1471 bovata

326 1492 461 1537 terrae,
503 1502 601 1529 cum
641 1489 929 1543 pertinenciis,
971 1490 1018 1529 in
1068 1489 1269 1543 Fesceby,
1311 1503 1409 1529 cum
1450 1488 1558 1529 tofto
1600 1492 1643 1529 et
1694 1488 1844 1538 crofto,

326 1550 370 1586 et
410 1546 462 1587 de
503 1546 718 1587 reddendo
760 1547 941 1601 singulis
983 1547 1107 1587 annis
1158 1547 1320 1587 Domui
1361 1546 1625 1588 Rievallensi
1665 1546 1843 1601 triginta

325 1603 481 1645 solidos
532 1604 876 1659 imperpetuum:
937 1605 1225 1646 Donationem
1277 1639 1284 1646 .
1337 1638 1344 1646 .
1397 1638 1405 1646 .
1458 1618 1564 1658 quas
1627 1604 1844 1645 Henricus

324 1660 438 1702 filius
476 1661 657 1703 Siwardi
684 1663 737 1703 de
772 1663 1068 1717 Thormodeby
1099 1695 1107 1705 .
1139 1696 1146 1704 .
1180 1696 1187 1704 .
1220 1663 1322 1704 fecit
1357 1663 1450 1703 Deo
1482 1696 1490 1703 .
1522 1695 1530 1703 .
1563 1695 1571 1703 .
1605 1662 1657 1703 de
1679 1662 1846 1703 duobus

324 1719 575 1761 sellionibus
644 1724 769 1762 terrae
833 1721 880 1761 in
942 1721 1250 1774 Thormodeby,
1312 1725 1353 1761 et
1413 1720 1466 1761 de
1536 1724 1647 1761 terra
1713 1734 1845 1774 quani

323 1777 476 1818 habuit
535 1778 580 1818 in
632 1778 958 1832 Tywithemora,
1010 1784 1053 1820 et
1101 1779 1152 1820 de
1203 1779 1368 1819 duobus
1420 1778 1670 1819 sellionibus
1722 1783 1845 1819 terrae

321 1849 428 1889 quas
475 1835 627 1876 habuit
672 1837 751 1877 sub
792 1836 925 1878 latere
965 1850 1112 1878 versus
1154 1837 1351 1890 Malteby
1392 1850 1445 1876 ex
1496 1835 1674 1876 australi
1723 1840 1844 1890 parte

322 1900 445 1934 terrae
466 1894 680 1935 Willelmi
710 1895 790 1935 filii
825 1895 1030 1946 Eudonis,
1064 1900 1108 1935 et
1143 1895 1194 1935 de
1230 1908 1315 1935 uno
1352 1893 1528 1935 sellione
1563 1897 1688 1934 terrae
1715 1907 1846 1947 quam

323 1951 476 1992 habuit
506 1952 620 1993 inter
640 1953 786 2001 valles,
809 1957 851 1994 et
872 1953 924 1994 de
945 1967 1031 1993 uno
1053 1953 1231 1993 sellione
1253 1966 1382 2006 quem
1413 1952 1565 1992 habuit
1595 1952 1642 1992 in
1674 1952 1842 1993 Cokke-

321 2009 531 2059 ‹clalenesa
577 2015 620 2051 et
667 2011 720 2052 de
765 2011 932 2052 duobus
988 2011 1238 2052 sellionibus
1289 2016 1414 2051 terrae
1465 2010 1511 2050 in
1565 2009 1841 2051 Braidholme

317 2067 445 2118 juxta
465 2068 592 2117 viam,
614 2072 658 2109 et
678 2068 730 2110 de
751 2083 837 2110 uno
859 2069 1036 2110 sellione
1064 2073 1186 2109 terrae
1207 2082 1334 2122 super
1353 2073 1544 2108 montem
1565 2068 1618 2109 de
1649 2067 1843 2109 Hiarles-

321 2125 450 2174 holm,
501 2140 600 2166 cum
650 2127 948 2180 pertinenciis:
1003 2127 1293 2168 Donationem
1347 2127 1532 2179 insuper,
1575 2159 1583 2167 .
1627 2160 1636 2168 .
1684 2159 1692 2167 .
1735 2139 1842 2180 quas

321 2182 435 2223 idem
477 2183 692 2225 Henricus
723 2219 730 2226 .
763 2219 770 2226 .
805 2218 812 2226 .
846 2186 948 2226 fecit
989 2185 1082 2226 Deo
1121 2218 1128 2226 .
1163 2218 1170 2225 .
1204 2218 1211 2225 .
1252 2185 1303 2225 de
1344 2184 1522 2225 dimidia
1567 2197 1663 2225 acra
1707 2187 1842 2233 terrae,

323 2254 420 2280 cum
442 2242 729 2294 pertinenciis,
743 2243 788 2283 in
810 2243 1129 2297 Thorrnodeby:
1152 2242 1440 2283 Donationem
1454 2243 1584 2283 etiam
1615 2276 1623 2283 .
1657 2274 1665 2282 .
1698 2275 1706 2283 .
1734 2255 1842 2296 quas

321 2298 557 2340 Nicholaus
579 2299 630 2340 de
653 2300 962 2342 Chaumcurtes
984 2335 991 2342 .
1025 2335 1032 2342 .
1062 2335 1069 2342 .
1094 2301 1196 2342 fecit
1217 2301 1309 2341 Deo
1332 2333 1340 2341 .
1372 2333 1380 2341 .
1414 2333 1421 2341 .
1445 2300 1496 2341 de
1514 2300 1679 2340 duobus
1694 2299 1842 2341 solidis

321 2356 375 2396 ad
406 2370 541 2397 unum
572 2371 740 2398 cereum
771 2359 1017 2399 habendum
1047 2364 1148 2400 ante
1178 2358 1312 2399 altare
1342 2358 1389 2398 in
1420 2358 1489 2398 die
1525 2358 1842 2398 Purificationis

321 2414 361 2454 S.
393 2414 555 2464 Mariae,
586 2429 691 2469 quas
729 2417 939 2458 Robertus
971 2417 1114 2457 Tusti1
1146 2421 1188 2457 et
1218 2416 1405 2457 haeredes
1437 2416 1504 2456 sui
1544 2416 1724 2456 reddent
1754 2415 1844 2456 illis

319 2473 543 2513 annuatim
565 2472 616 2514 de
637 2478 747 2514 terra
771 2489 899 2528 quam
920 2475 1034 2516 idem
1056 2475 1265 2515 Robertus
1288 2474 1429 2515 tenuit
1448 2474 1494 2514 in
1516 2473 1842 2527 Thurmodeby:

319 2530 610 2572 Donationem
650 2531 838 2585 insuper,
869 2567 877 2574 .
909 2566 917 2574 .
950 2566 957 2574 .
991 2547 1097 2587 quas
1141 2532 1383 2573 Willehnus
1425 2531 1476 2572 de
1517 2532 1698 2586 Loringe
1735 2564 1743 2572 .

318 2588 421 2628 fecit
442 2589 535 2629 Deo
565 2622 573 2629 .
606 2622 614 2630 .
648 2622 654 2629 .
689 2589 741 2630 de
772 2604 858 2630 una
888 2605 984 2631 acra
1014 2591 1137 2644 prati,
1169 2604 1267 2630 cum
1298 2590 1584 2643 pertinenciis,
1606 2590 1651 2629 in
1682 2589 1839 2630 Thore-

319 2646 529 2699 modeby:
564 2646 890 2689 Concessionem
913 2649 1042 2689 etiam
1074 2682 1081 2689 .
1116 2682 1123 2688 .
1156 2681 1163 2688 .
1197 2661 1303 2701 quas
1326 2648 1515 2701 Rogerus
1536 2647 1576 2688 le
1599 2647 1768 2688 Sainter
1783 2647 1836 2688 de

361 2759 372 2779 ³
396 2760 470 2792 The
501 2761 646 2804 writing
675 2762 757 2793 herc
788 2763 818 2794 is
848 2766 911 2794 not
938 2763 1037 2805 quite
1114 2762 1263 2805 original
1294 2762 1416 2803 Tostig
1446 2762 1534 2793 with
1561 2762 1623 2793 the
1648 2761 1772 2793 elision
1800 2761 1837 2793 of

316 2803 421 2843 plain.
471 2804 544 2836 The
560 2816 662 2837 name
677 2806 793 2847 might
809 2806 851 2837 be
862 2807 1037 2848 supposed
1113 2806 1175 2838 the
1191 2805 1275 2837 final
1291 2808 1325 2845 ῃ)
1341 2806 1370 2836 is
1387 2805 1517 2846 closely
1538 2804 1732 2836 connected
1748 2804 1836 2836 with

317 2850 354 2877 to
371 2846 413 2878 be
431 2850 549 2879 meant
565 2851 603 2880 to
627 2849 670 2880 be
691 2849 801 2881 Tusci.
852 2849 923 2881 But
947 2851 1036 2882 inas-
1114 2850 1176 2881 the
1197 2849 1347 2890 vicinity
1364 2849 1401 2880 in
1428 2848 1599 2889 question,
1628 2848 1691 2879 the
1717 2848 1836 2880 actual

316 2890 419 2921 much
451 2901 489 2922 as
520 2892 581 2923 the
618 2903 720 2924 name
758 2892 855 2925 Tosti
885 2895 939 2931 (or
976 2893 1037 2925 the
1114 2893 1262 2934 reading
1278 2903 1343 2924 cau
1360 2892 1488 2933 hardly
1504 2892 1546 2923 be
1564 2891 1743 2923 doubtful.
