2033 3242
833 291 971 321 APPEN
976 292 1062 322 DIX.
1625 284 1646 320 3
1653 284 1677 321 8
1684 284 1706 319 5

250 399 311 435 52.
345 395 505 449 [Coram
522 395 642 446 Rege.
680 395 802 434 Henr.
827 406 902 444 HL,
922 396 995 434 No.
1018 398 1078 442 31,
1096 409 1146 434 m.
1167 395 1220 434 80¹.
1257 396 1410 442 Easter,
1435 397 1483 433 13
1500 395 1623 434 Henr.
1643 405 1705 433 ΙΙΙ.

194 449 367 504 [1229]4]
397 450 766 500 Ebor—RogerUS,
776 450 913 488 Abbas
921 450 1171 497 Rivallensis,
1182 463 1251 501 per
1263 456 1512 488 attornatum
1519 463 1635 487 suum
1643 462 1708 500 op—

193 505 289 543 tulit
303 518 343 542 se
359 504 418 542 iiii
434 504 499 542 die
515 517 651 542 versus
670 504 917 542 Willelmum
937 504 987 543 de
1003 504 1084 542 Ros
1101 504 1150 542 de
1167 504 1312 554 placito
1328 504 1437 554 quod
1453 503 1707 541 warantizar-

193 612 346 663 Symon
360 613 374 636 1
403 613 506 662 petit
535 612 642 662 quod
672 612 816 650 reddat
835 613 870 650 ei
900 625 971 663 per
998 626 1149 650 annum
1169 626 1225 650 XX
1238 626 1266 651 s.
1299 618 1340 650 et
1360 613 1372 650 i
1393 612 1535 650 libram
1557 610 1705 658 cimini,

192 672 233 705 et
253 666 361 717 quod
390 666 534 704 reddat
554 667 589 704 ei
611 666 775 717 singulis
804 666 919 704 annis
940 666 989 704 ad
1010 666 1232 704 custodiam
1258 666 1391 705 Castri
1412 665 1707 716 Rophecestriae

192 721 236 759 iii
252 735 295 768 s.,
317 726 359 759 et
378 720 484 771 quod
506 720 626 758 faciat
646 721 681 758 ei
702 720 913 759 servicium
933 727 1086 771 quartae
1107 721 1232 771 partis
1253 719 1394 773 [feodi]
1415 721 1533 758 unius
1554 718 1706 766 militis,

192 788 316 825 quum
337 774 559 825 scutagium
581 775 771 812 evenerit.
830 774 882 812 Et
904 774 1129 813 Willelmus
1150 775 1261 813 venit
1281 783 1322 813 et
1342 774 1544 825 cognoscit
1573 773 1707 812 omnia

192 828 383 880 praedicta
411 829 588 875 servicia,
611 834 756 879 praeter
775 828 986 879 praedictos
1015 834 1096 867 tres
1116 829 1263 867 solidos
1293 828 1342 866 ad
1362 828 1595 879 praedictam
1625 840 1707 865 cus-

191 882 357 928 todiam,
379 890 419 921 et
448 882 541 920 inde
568 883 681 933 ponit
710 896 751 920 se
772 883 813 920 in
832 895 1017 931 magnam
1047 883 1209 921 assisam
1229 882 1394 921 Domini
1413 882 1535 933 Regis
1564 882 1597 920 si
1618 881 1708 920 illos

190 942 272 975 tres
292 937 439 975 solidos
468 936 609 975 debuit
628 936 692 974 vel
721 949 811 974 non.
872 937 943 974 Set
962 942 1100 987 postea
1128 937 1379 975 recordatum
1408 943 1469 975 est
1488 936 1596 987 quod
1625 948 1707 974 non

193 996 307 1030 tenet
326 991 427 1029 illud
456 990 507 1029 de
536 990 727 1041 praedicto
748 991 921 1037 Simone,
944 991 1014 1029 sed
1044 991 1094 1029 de
1115 990 1277 1029 Simone
1307 991 1388 1029 filio
1416 1022 1424 1029 .
1459 1021 1466 1029 .
1501 1022 1508 1029 .
1540 989 1708 1029 Roberti

190 1045 242 1083 de
263 1045 435 1091 Calecot,
459 1046 527 1095 qui
548 1051 609 1082 est
637 1044 742 1082 infra
768 1049 940 1083 aetatem.
998 1044 1052 1083 Et
1071 1044 1162 1083 ideo
1192 1045 1488 1083 consideratum
1509 1050 1569 1083 est
1598 1042 1707 1094 quod

189 1099 315 1138 assisa
334 1113 414 1137 non
433 1099 540 1149 jacet
560 1100 666 1136 inter
685 1111 761 1136 eos.
821 1098 874 1136 Et
894 1099 984 1136 ideo
1005 1098 1143 1137 Simon
1164 1100 1369 1149 perquirat
1388 1112 1526 1137 versus
1546 1097 1706 1149 praedic-

191 1159 280 1192 tum
300 1153 499 1191 haeredem
520 1153 553 1190 si
572 1152 758 1190 voluerit.
814 1152 868 1190 Et
889 1152 1114 1190 WVillelmus
1134 1153 1228 1191 inde
1252 1153 1337 1191 sine
1358 1152 1432 1191 die.

248 1260 310 1297 53.
343 1256 504 1310 [Coram
524 1256 644 1307 Rege.
696 1256 818 1294 Henr.
844 1266 920 1304 ΙΙΙ.,
944 1256 1019 1295 No.
1044 1259 1105 1304 33,
1128 1270 1179 1295 m.
1206 1256 1286 1296 16‘1.
1337 1257 1376 1295 A
1396 1257 1460 1295 die
1483 1256 1522 1295 S.
1545 1255 1707 1294 Hillarii

191 1312 234 1350 in
263 1319 344 1350 tres
378 1311 640 1361 Septimanas‚
668 1312 716 1348 14
738 1310 863 1349 Henr.
896 1321 957 1349 ΙΙΙ.
991 1309 1164 1364 [1230].]
1222 1311 1629 1350 libor—wilielmus
1659 1309 1708 1348 de

191 1367 273 1405 Ros
307 1365 548 1403 attachiatus
582 1365 658 1402 fuit
689 1363 738 1402 ad
769 1365 1131 1402 warrantizandum
1162 1365 1330 1416 Roger0‚
1362 1365 1514 1403 Abbati
1540 1365 1589 1403 de
1619 1364 1709 1403 Rie-

191 1420 374 1467 vallibus,
405 1419 497 1457 iiii⁰r
530 1424 733 1456 carucatas
763 1425 891 1466 terrae,
923 1449 930 1457 .
963 1449 971 1457 .
1005 1450 1012 1457 .
1045 1419 1087 1456 in
1117 1418 1219 1466 Gris,
1252 1425 1293 1457 et
1312 1433 1338 1456 v
1358 1425 1561 1457 carucatas
1590 1424 1707 1457 terrae

191 1475 233 1513 in
267 1474 486 1520 Tilestune‚
520 1479 561 1511 et
594 1486 844 1511 communam
880 1478 1054 1523 pasturae
1084 1479 1123 1511 et
1152 1473 1260 1512 bosci
1294 1473 1336 1511 in
1375 1473 1567 1511 Hamelac
1597 1479 1638 1511 et
1665 1472 1707 1510 in

192 1528 375 1575 Pockele,
394 1541 492 1578 quas
512 1532 634 1574 tenet,
654 1532 694 1565 et
714 1527 764 1565 de
784 1540 830 1565 eo
846 1533 984 1565 tenere
1005 1527 1160 1574 clamat,
1184 1534 1224 1565 et
1243 1527 1349 1565 unde
1370 1535 1520 1566 cartam
1541 1526 1708 1566 Roberti

192 1582 242 1621 de
271 1582 364 1630 Ros,
399 1582 524 1631 patris
552 1581 677 1631 ipsius
710 1580 914 1628 willelmi,
947 1581 1078 1628 habet,
1110 1588 1158 1619 ut
1185 1581 1285 1619 dicit
1318 1589 1392 1620 etc.
1451 1581 1572 1620 Unde
1601 1581 1709 1619 idem

191 1637 329 1675 Abbas
363 1645 528 1686 questus
562 1641 623 1673 est
657 1635 764 1685 quod
798 1635 905 1673 idem
939 1634 1176 1683 Wffllelmus,
1212 1641 1350 1674 contra
1397 1643 1546 1674 cartam
1585 1635 1710 1686 patris

191 1691 265 1738 sui,
297 1704 387 1741 quae
415 1694 589 1727 testatur
618 1689 726 1739 quod
760 1689 868 1727 idem
902 1689 1114 1737 Robertus,
1150 1697 1263 1740 pater
1292 1690 1471 1740 praedicti
1502 1689 1707 1738 willelmi,

189 1744 374 1783 concedit
413 1742 486 1796 [et]
521 1744 729 1781 confirmat
757 1742 844 1782 Deo
879 1749 919 1782 et
949 1744 1134 1782 Ecclesiae
1167 1744 1212 1781 Β.
1253 1744 1392 1782 Mariae
1430 1743 1709 1794 Ryevallensis

190 1799 250 1837 iiii
278 1806 483 1837 carucatas
516 1803 634 1835 terrae
666 1798 707 1835 in
743 1797 835 1836 Grif
868 1804 909 1836 et
939 1803 1085 1836 terram
1119 1797 1169 1836 de
1201 1798 1477 1836 Tillanestuna
1508 1797 1602 1851 [sic]⁷
1638 1797 1709 1836 ubi

192 1860 288 1892 sunt
313 1866 340 1891 v
360 1857 553 1890 carucatae
583 1857 710 1899 terrae,
742 1859 783 1890 et
811 1858 1006 1902 praeterea
1034 1865 1105 1902 per
1133 1865 1252 1902 quam
1283 1852 1465 1890 concedit
1495 1854 1549 1890 eis
1574 1852 1708 1890 onmia

190 1907 427 1946 aisiamenta
447 1920 518 1944 sua
537 1906 577 1943 in
598 1906 777 1944 manerio
791 1906 806 1929 2
835 1912 876 1944 et
895 1907 1046 1944 foresta
1075 1919 1147 1944 sua
1174 1906 1224 1944 de
1245 1905 1563 1953 Hamlec—scil.‚
1586 1912 1708 1945 matc-

190 1962 291 2000 riam
313 1960 395 2014 [sic]
417 1966 458 1998 et
477 1960 585 2011 ligna
614 1960 664 1997 ad
692 1973 783 1998 suos
804 1960 985 2010 proprios
1006 1973 1111 2007 usus,
1135 1966 1174 1998 et
1197 1974 1341 2010 pascua
1371 1966 1411 1997 et
1439 1961 1639 2012 pannagia
1658 1960 1708 1999 ab

192 2016 302 2055 omni
330 2014 620 2052 cosuentudine
651 2014 788 2064 quieta
814 2014 855 2051 in
886 2014 1070 2052 omnibus
1090 2014 1218 2052 boscis
1239 2014 1288 2052 de
1309 2014 1554 2062 Hammelac,
1577 2023 1618 2053 et
1638 2028 1708 2066 per

190 2083 313 2121 quam
334 2069 389 2107 eis
410 2068 592 2107 concedit
607 2081 858 2106 communam
880 2075 1051 2118 pasturae
1066 2068 1108 2105 in
1128 2068 1309 2115 Pochele,
1326 2069 1367 2106 in
1382 2069 1500 2107 bosco
1521 2077 1561 2107 et
1574 2069 1704 2120 plano,

192 2123 243 2162 ad
282 2136 376 2161 oves
414 2136 504 2160 suas
543 2130 584 2160 et
615 2130 748 2160 cetera
777 2135 919 2172 pecora
958 2135 1039 2169 sua,
1073 2128 1114 2160 et
1151 2123 1361 2160 materiam
1401 2122 1476 2175 [et]
1510 2123 1619 2174 ligna
1657 2123 1707 2162 ad

192 2191 284 2216 suos
313 2177 495 2227 proprios
524 2189 618 2214 usus
640 2177 680 2213 in
710 2176 894 2214 omnibus
914 2175 1043 2213 boscis
1073 2176 1253 2226 ejusdem
1280 2176 1395 2224 villae,
1428 2184 1468 2215 et
1492 2191 1639 2228 pascua
1667 2183 1708 2216 et

192 2231 392 2282 pannagia
419 2230 556 2280 quieta
584 2230 633 2267 ab
664 2230 771 2267 omni
801 2230 1102 2278 consuetudine,
1135 2237 1175 2268 et
1204 2230 1311 2280 quod
1341 2231 1426 2281 ipse
1460 2238 1500 2269 et
1530 2231 1707 2270 haeredes

190 2286 254 2324 sui
283 2297 489 2335 nunquam
517 2283 750 2334 recolligent
778 2283 948 2334 alicujus
968 2284 1171 2335 religionis
1200 2284 1382 2323 homines
1405 2285 1446 2323 in
1477 2286 1706 2336 praedictam

192 2345 408 2391 pasturam,
441 2343 585 2388 praeter
613 2337 773 2376 eosdem
802 2338 1026 2384 monachos,
1058 2338 1161 2376 sicut
1190 2345 1299 2376 carta
1319 2339 1512 2377 Everardi
1541 2340 1591 2378 de
1611 2340 1707 2389 Ros,

193 2393 318 2445 patris
338 2393 463 2443 ipsius
483 2391 661 2438 Roberti,
683 2391 824 2429 melius
849 2397 1031 2439 testatur,
1053 2392 1223 2443 impedit
1243 2406 1333 2431 eum
1355 2399 1395 2431 et
1414 2394 1595 2432 homines
1617 2408 1708 2433 suos

192 2448 299 2486 infra
328 2446 537 2497 praedictas
567 2446 608 2483 ix
638 2453 841 2483 carucatas
871 2452 987 2484 terrae
1021 2460 1151 2485 secare
1184 2452 1224 2484 et
1252 2447 1398 2485 habere
1427 2449 1635 2487 materiam
1666 2454 1706 2487 et

192 2502 301 2552 ligna
321 2501 371 2538 ad
393 2500 571 2550 proprios
591 2513 697 2545 usus,
721 2506 762 2537 et
781 2500 927 2538 habere
956 2513 1206 2538 communam
1236 2501 1274 2539 in
1297 2502 1415 2540 bosco
1444 2503 1493 2540 de
1516 2502 1704 2542 Hamme-

192 2555 263 2603 lac,
287 2560 327 2593 et
355 2555 409 2592 ibi
439 2554 634 2604 imparcat
652 2554 786 2591 averia
815 2567 895 2600 sua,
918 2554 975 2592 ita
998 2554 1104 2604 quod
1134 2554 1296 2604 quidam
1326 2556 1396 2594 bos
1417 2564 1599 2595 mortuus
1628 2557 1707 2595 fuit

192 2609 235 2648 in
255 2622 373 2660 parco
402 2621 484 2653 suo,
507 2613 547 2646 et
566 2613 759 2657 praeterea
778 2608 944 2658 sagittat
963 2621 1078 2647 canes
1102 2609 1226 2659 ipsius
1248 2610 1416 2648 Abbatis
1437 2617 1479 2648 et
1498 2611 1704 2649 hominum

193 2677 356 2702 suorum
385 2662 490 2699 infra
513 2661 722 2712 praedictas
751 2662 793 2699 ix
822 2667 1024 2700 carucatas
1053 2669 1180 2710 terrae,
1204 2677 1272 2713 per
1301 2664 1408 2714 quod
1438 2664 1704 2703 deterioratus

193 2723 264 2765 est,
287 2722 328 2755 et
347 2716 567 2766 dampnum
588 2715 710 2753 habet
729 2715 779 2753 ad
801 2716 1016 2754 valentiam
1036 2730 1090 2754 xv
1110 2730 1341 2756 marcarum.

248 2771 302 2809 Et
321 2770 548 2808 VVillelmus
569 2770 680 2807 venit
709 2775 749 2808 et
773 2769 956 2808 defendit
977 2775 1017 2809 et
1045 2771 1281 2822 praedictum
1302 2772 1635 2823 impedimentum
1665 2778 1704 2813 et

191 2825 414 2876 dampnum
434 2833 474 2862 et
493 2829 635 2862 totum.

453 2911 465 2929 1
489 2911 600 2942 There
617 2911 646 2942 is
662 2911 810 2953 nothing
825 2915 862 2943 to
879 2911 976 2943 show
991 2911 1069 2944 who
1085 2912 1115 2944 is
1131 2912 1214 2944 here
1230 2913 1408 2945 intended.

453 2954 465 2973 2
488 2954 668 2986 Manerioe.

927 3003 947 3038 2
972 3010 997 3039 B
