2033 3242
608 229 921 261 CARTULARIUM
941 230 1246 261 RIEVALLENSE.
1600 226 1622 261 2
1633 225 1683 263 79

172 334 400 376 donatione
431 333 644 374 Johannis
676 334 728 375 (16
760 335 1065 384 Semer—scil.,
1087 335 1138 376 de
1169 348 1255 375 11116
1277 334 1385 376 tofto
1417 348 1515 375 611111
1537 336 1683 384 crofto,

171 398 214 434 et
244 392 442 433 omnibus
476 392 765 445 pertinenciis,
797 393 844 433 in
882 393 1107 434 Carletona
1131 393 1211 447 [in]
1248 392 1509 446 Clyveland:
1540 393 1683 434 Dona-

172 450 333 491 tionem
369 449 510 498 etiam,
544 451 869 500 concessionem,
903 451 1268 491 confirmationem
1304 455 1348 491 et
1387 451 1682 492 remissionem

173 521 278 562 quas
299 507 447 549 Simon
469 507 520 547 de
542 507 641 557 Ver,
663 508 777 548 filius
806 508 991 549 Simonis
1013 509 1065 549 de
1085 508 1184 558 Ver,
1215 541 1223 550 .
1257 541 1264 549 .
1301 541 1309 549 .
1339 508 1442 549 fecit
1463 508 1558 549 Deo
1588 542 1596 550 .
1629 541 1637 550 .
1674 542 1681 549 .

172 566 224 606 de
263 579 405 606 annuo
445 564 616 606 redditu
662 566 863 606 undecim
902 566 1135 607 solidorum
1176 570 1219 607 et
1259 570 1353 607 octo
1394 566 1678 615 denariorum,

171 636 298 677 quem
319 623 542 663 annuatim
564 623 616 663 ab
638 623 798 664 eisdem
829 624 992 664 solebat
1005 622 1207 677 'recipere
1227 637 1302 677 pro
1324 624 1488 665 tenuris
1509 624 1597 664 suis
1629 624 1681 664 de

171 681 330 735 Magna
352 685 394 721 et
415 680 551 721 Parva
573 680 860 735 Reydisdale,1
891 685 934 722 et
965 682 1016 722 (16
1047 682 1213 722 duobus
1234 681 1380 723 solidis
1412 695 1518 735 quos
1546 696 1682 722 annu-

169 739 276 779 atim
325 739 492 792 exigere
532 743 810 780 consueverat
849 753 925 793 pro
960 744 1205 780 tenemento
1246 753 1322 780 5116
1362 739 1414 780 de
1454 739 1682 793 Huhyrst:

170 796 480 837 Remissionem
510 796 686 850 insuper
708 802 749 837 et
780 797 970 850 quietam
1001 797 1275 838 clamantiam
1306 811 1411 851 quas
1433 797 1680 838 XVillelmus

171 854 223 895 de
259 854 489 895 Malebisse
519 887 526 895 .
561 888 568 895 .
601 887 608 894 .
645 855 747 895 fecit
777 856 866 895 Deo
898 888 908 898 .
940 888 948 896 .
982 889 990 896 .
1024 855 1076 895 de
1112 869 1254 895 annuo
1285 855 1457 896 redditu
1488 855 1679 896 dimidiae

170 925 321 953 marcae
353 925 481 965 quem
517 911 682 952 solebat
716 912 901 966 recipere
935 913 986 953 de
1019 911 1245 954 Wsslelmo
1278 913 1329 954 de
1364 913 1578 966 Moubray
1605 926 1682 967 pro

169 969 275 1010 villa
297 970 346 1010 de
375 969 678 1022 Reythisdale:
712 970 1038 1011 Concessionem
1060 971 1201 1020 etiam,
1224 971 1516 1011 remissionem
1538 971 1681 1019 etiam,

170 1027 361 1081 quietam
402 1027 682 1068 clamanciam
722 1042 828 1081 quas
868 1028 1081 1069 Robertus
1122 1029 1174 1069 de
1216 1027 1553 1069 Scutterskelfe2
1584 1062 1592 1070 .
1624 1062 1632 1069 .

170 1086 272 1126 fecit
292 1086 385 1126 Deo
416 1118 424 1125 .
458 1085 593 1126 ..de
615 1090 707 1125 tota
731 1091 982 1134 ter1a‚cum
1012 1086 1302 1139 pertinenciis,
1332 1086 1378 1126 in
1410 1087 1548 1127 Parva
1569 1086 1682 1140 Rey-

171 1143 344 1192 disdale,
366 1157 527 1197 quam
516 1143 569 1183 ab
591 1143 651 1184 eis
673 1143 869 1197 exigebat
891 1157 966 1197 per
987 1144 1113 1184 breve
1145 1144 1196 1184 de
1217 1148 1343 1193 recto,
1365 1157 1463 1184 cum
1484 1144 1681 1197 homagio

170 1207 213 1242 et
253 1201 453 1242 servicio:
497 1201 825 1242 Concessionem
861 1201 1047 1254 insuper,
1079 1201 1373 1242 iemissionem
1409 1206 1453 1242 et
1488 1201 1678 1255 quietam

168 1259 448 1300 clamanciani
478 1263 521 1299 et
551 1259 916 1300 confirmationem
947 1272 1052 1312 quas
1083 1259 1291 1300 Ricardus
1321 1259 1560 1300 Wassande
1590 1292 1597 1300 .

169 1317 271 1358 fecit
292 1316 456 1357 Abbati
477 1321 520 1357 et
539 1317 759 1357 monachis
790 1317 1006 1370 praedictis
1038 1316 1089 1357 de
1111 1322 1201 1357 toto
1228 1317 1324 1370 jure
1347 1321 1389 1357 et
1411 1316 1564 1357 clamio
1586 1330 1681 1370 quae

169 1374 322 1415 habuit
343 1375 412 1414 vel
433 1374 587 1415 habere
607 1375 751 1428 potuit
775 1374 820 1414 in
842 1378 933 1414 tota
953 1378 1076 1422 terra,
1098 1375 1224 1415 bosco
1247 1378 1289 1415 et
1310 1388 1428 1415 mora
1450 1375 1502 1415 de
1524 1374 1681 1415 Kirke-

171 1433 324 1473 slectes
351 1432 398 1472 in
419 1431 531 1473 valle
562 1432 614 1473 de
642 1432 896 1481 Bildesdale,
919 1445 1017 1472 cum
1049 1433 1246 1473 omnibus
1268 1432 1544 1485 pertinenciis
1567 1433 1680 1473 suis:

168 1489 459 1531 Donationem
491 1522 499 1530 .
532 1523 540 1530 .
573 1522 581 1530 .
614 1503 719 1543 quas
752 1489 925 1530 Osanna
960 1490 1011 1530 (16
1046 1490 1310 1530 Thametona
1341 1523 1349 1530 .
1381 1522 1389 1530 .
1425 1523 1433 1531 .
1466 1490 1568 1530 fecit
1589 1490 1684 1530 Deo

252 1581 260 1589 .
293 1547 345 1588 de
366 1552 457 1587 tota
477 1551 589 1588 terra
610 1561 687 1588 sua
707 1547 759 1588 de
781 1548 1004 1597 Huhirste,
1026 1561 1124 1588 cum
1153 1548 1279 1589 bosco
1302 1551 1345 1589 et
1366 1548 1564 1589 omnibus
1586 1547 1683 1588 aliis

168 1605 446 1659 pertinenciis
469 1605 569 1654 suis,
591 1609 633 1645 et
664 1605 715 1646 de
746 1610 836 1646 toto
867 1610 989 1659 prato
1020 1619 1108 1655 suo,
1130 1619 1228 1646 cum
1259 1606 1546 1659 pertinenciis,
1567 1606 1682 1659 quod

168 1667 346 1704 vocatur
367 1663 734 1717 Staindalhenges,
756 1667 796 1703 et
834 1663 886 1704 de
919 1663 1124 1717 capiendo
1161 1664 1212 1704 de
1250 1664 1376 1704 bosco
1402 1678 1478 1704 5116
1501 1664 1552 1704 (16
1575 1664 1683 1717 Rey-

168 1721 372 1770 thesdale,
393 1721 469 1761 ubi
488 1720 620 1761 iidem
641 1721 839 1762 monachi
869 1722 1003 1775 magis
1026 1722 1108 1762 sibi
1128 1721 1316 1762 viderint
1337 1721 1546 1775 expedire,
1569 1721 1683 1775 quic-

166 1779 272 1833 quid
302 1792 473 1819 necesse
508 1779 639 1819 fuerit
672 1779 725 1819 ad
750 1783 922 1832 pratum
954 1779 1064 1820 illud
1098 1779 1394 1828 claudendum,
1430 1793 1506 1833 per
1540 1779 1683 1819 visum

165 1836 376 1878 forestarii
395 1836 532 1890 ipsius
555 1836 737 1877 Osannae
759 1841 802 1877 et
822 1836 1041 1878 haeredum
1062 1850 1246 1885 suorum,
1268 1842 1310 1877 et
1332 1837 1383 1877 de
1404 1841 1494 1877 toto
1514 1837 1682 1877 redditu

168 1908 245 1935 5116
258 1894 436 1948 triginta
449 1894 681 1934 solidorum
696 1895 747 1935 de
764 1895 948 1948 Faiceby
962 1908 1059 1935 cum
1077 1894 1295 1948 homagiis,
1312 1894 1494 1943 releviis,
1515 1895 1682 1942 wardis,

167 1952 345 1994 escaetis
366 1956 409 1992 et
430 1952 627 1993 omnibus
649 1952 745 1993 aliis
766 1953 1041 2006 pertinenciis
1064 1953 1162 2001 suis,
1185 1966 1323 2006 quem,
1346 1952 1447 2001 5611,
1467 1952 1684 1993 redditum

168 2010 318 2051 Simon
338 2010 513 2063 Ingram
535 2010 586 2050 de
608 2011 793 2063 Faiceby
807 2010 888 2050 sibi
909 2010 1057 2050 debuit
1079 2010 1302 2050 annuatim
1323 2024 1399 2064 pro
1422 2023 1496 2051 sex
1516 2010 1685 2051 bovatis

170 2073 294 2109 terrae
334 2067 381 2108 in
413 2067 561 2108 eadem
591 2068 723 2108 villa:
758 2068 1110 2121 Recognit-ionem
1139 2068 1326 2121 insuper,
1367 2068 1558 2122 quietam
1599 2068 1684 2108 cla-

170 2125 383 2166 manciam
405 2129 448 2165 et
468 2125 832 2166 confirmationem
855 2139 960 2179 quas
988 2126 1134 2166 Simon
1156 2126 1208 2166 de
1229 2126 1316 2166 Ver
1346 2159 1353 2166 .
1387 2159 1394 2166 .
1427 2159 1436 2167 .
1468 2126 1568 2167 fecit
1591 2126 1685 2167 Deo

253 2216 261 2224 .
295 2183 348 2223 de
375 2187 466 2223 tota
498 2196 616 2223 mora
652 2183 704 2224 de
738 2183 990 2232 Bildesdale,
1027 2197 1124 2223 611111
1161 2183 1447 2237 pertinenciis,
1481 2197 1534 2224 ex
1566 2187 1685 2237 parte

171 2240 380 2289 orientali,
411 2254 541 2293 quam
572 2241 829 2281 clamaverat
860 2241 1071 2294 pertinere
1103 2241 1156 2281 ad
1186 2241 1336 2281 villam
1367 2255 1489 2282 5116111
1512 2242 1562 2282 (16
1595 2241 1683 2282 Bil—

170 2298 341 2340 desdale
359 2312 367 2339 :
399 2298 710 2338 Remissionem
728 2303 771 2339 et
790 2299 1120 2353 resignationem
1137 2303 1180 2340 et
1195 2299 1385 2353 quietam
1407 2299 1685 2340 clamanciani

171 2369 278 2410 quas
313 2356 504 2409 Rogerus
539 2355 580 2396 16
614 2355 787 2409 Engleis
824 2362 866 2397 et
906 2357 1058 2409 Alicia,
1095 2370 1203 2397 uxor
1239 2357 1341 2410 ejus,
1372 2390 1380 2398 .
1414 2390 1421 2398 .
1454 2390 1462 2398 .
1494 2357 1687 2398 fecerunt

171 2414 393 2454 monachis
406 2413 622 2467 praedictis
645 2413 696 2454 de
718 2418 808 2454 tota
829 2414 957 2455 tertia
977 2420 1096 2468 parte
1117 2415 1169 2455 de
1190 2414 1378 2456 Huhirst
1399 2420 1442 2456 et
1470 2415 1522 2456 de
1545 2415 1687 2455 St-ain-

171 2471 415 2525 dalhengeS‚
457 2474 498 2512 et
541 2471 592 2512 (16
633 2471 765 2512 libere
806 2472 1012 2525 capiendo
1053 2472 1104 2512 de
1150 2472 1276 2513 bosco
1317 2473 1370 2513 de
1411 2472 1686 2514 Reithesdale

171 2529 316 2570 omnia
348 2529 584 2569 necessaria
619 2529 672 2569 ad
706 2529 991 2570 claudendum
1026 2529 1275 2583 praedictam
1310 2531 1481 2571 tertiam
1522 2534 1687 2584 partem

171 2587 285 2642 prati
317 2586 369 2627 de
411 2586 790 2641 Stanidalhenges:
832 2587 1121 2628 Donationem
1162 2588 1303 2636 etiam,
1334 2622 1341 2629 .
1376 2621 1384 2629 .
1416 2621 1423 2629 .
1457 2601 1562 2642 quas
1604 2588 1686 2627 Ro-

218 2719 229 2738 1
254 2718 304 2750 As
314 2717 471 2750 hasbeen
484 2718 887 2760 previouslyremarkech
971 2730 1066 2751 some
1082 2719 1156 2751 half
1172 2720 1281 2752 dozen
1305 2731 1344 2752 or
1367 2731 1405 2751 so
1423 2719 1458 2751 of
1481 2719 1542 2751 the
1560 2719 1691 2751 eutrics

174 2772 220 2794 no
245 2762 394 2803 original
420 2765 543 2803 grants
570 2762 606 2793 of
638 2762 698 2794 the
729 2763 830 2794 lands
854 2764 890 2794 in
971 2763 1086 2795 which
1114 2763 1233 2795 follow
1258 2764 1294 2795 in
1322 2774 1415 2801 near,
1449 2763 1513 2794 but
1541 2767 1601 2794 not
1629 2773 1689 2794 un-

175 2805 366 2846 Raysdale,
400 2805 516 2836 which
552 2805 723 2848 belonged
762 2809 799 2838 to
829 2806 891 2838 the
971 2806 1117 2845 broken,
1143 2807 1352 2846 succession,
1373 2806 1446 2837 will
1471 2806 1512 2838 be
1530 2806 1640 2838 found
1657 2806 1693 2838 of

174 2848 315 2889 Abbey,
329 2859 421 2880 seem
432 2851 470 2880 to
483 2848 571 2880 have
584 2848 671 2880 been
684 2849 871 2891 preserved
883 2861 890 2886 ;
972 2849 1131 2882 interest.

177 2892 246 2923 and
278 2893 315 2923 in
344 2891 418 2924 this
449 2892 655 2924 connection
685 2893 768 2932 this,
802 2893 890 2924 with
1015 2894 1028 2912 ‘-'
1053 2892 1432 2933 WrittenScum’skels.
