2033 3242
340 296 362 332 3
372 295 421 332 ΤΟ
774 301 1086 331 CARTULARIUM
1108 300 1415 331 RIEVALLENSE.

337 405 525 445 notitiam
546 419 627 445 non
646 405 800 444 habuit.
859 404 933 443 Ille
953 403 1128 455 quidem,
1146 404 1330 443 omnibus
1350 404 1437 443 aliis
1458 404 1643 443 servituti
1664 403 1851 451 subactis,

338 460 563 499 sacerdotes
592 473 682 498 suos
712 460 753 497 in
782 459 953 510 pristina
981 458 1168 497 libertate
1197 457 1360 506 dimisit,
1383 463 1424 497 et
1444 458 1493 497 de
1521 458 1683 509 publico
1702 457 1758 496 015
1787 457 1855 496 ali-

339 514 515 553 moniam
552 513 807 552 ministravit.
867 512 942 551 Isti
978 525 1074 551 vero
1111 512 1298 551 universa
1334 512 1418 551 fere
1456 513 1602 551 onera1
1636 513 1853 563 imponunt

339 568 523 616 ecclesiis,
547 572 588 606 et
616 572 678 606 tot
706 566 880 618 angariis
913 579 977 605 eas
1005 566 1198 617 affligunt,
1228 570 1276 604 ut
1304 565 1405 604 illud
1434 566 1490 604 eis
1519 565 1627 617 quod
1656 565 1853 605 Jeremias

339 622 523 673 deplorat
560 625 782 672 competere
820 620 1254 671 videatur—Princeps
1295 619 1592 671 provinciarum
1628 619 1759 658 factus
1793 623 1854 658 est

339 677 414 714 sub
434 675 598 714 tributo.
660 675 752 714 Sive
776 673 939 725 quidem
958 674 1118 722 fossata,
1141 687 1211 712 seu
1240 673 1528 724 expeditiones,
1551 673 1634 712 sive
1655 673 1732 712 alia
1752 687 1855 725 quae-

340 730 439 768 libet
485 729 732 767 arbitrentur
769 728 934 780 agenda,
973 728 1078 766 bona
1126 727 1381 766 ecclesiarum
1418 741 1490 766 seu
1527 727 1760 766 clericorum
1797 728 1856 765 ita

339 787 536 822 evacuant
563 787 609 821 ut
637 782 761 821 nichil
789 782 950 833 penitus
982 782 1195 832 potestatis
1224 782 1266 820 in
1299 782 1380 820 suis
1409 781 1638 820 hominibus
1667 781 1856 820 videatur

341 838 396 876 eis
425 836 687 885 remansisse,
717 850 836 888 super
856 849 936 896 quo
955 835 1175 874 dolendum
1204 841 1266 874 est
1285 849 1358 887 pro
1387 835 1571 875 ecclesiis.
1625 834 1856 874 Dolendum

341 895 402 929 est
430 868 712 929 nichilominus
732 904 804 941 pro
824 890 920 941 ipsis
949 889 1019 950 qui
1038 890 1226 928 timorem
1244 889 1322 929 Dei
1350 889 1402 928 ad
1423 889 1677 928 ecclesiastici
1705 888 1857 928 ordinis

341 944 608 983 ieverentiam
645 944 837 983 videntur
875 944 1036 1005 penitus
1075 944 1279 995 objecisse.
1339 943 1545 992 Quocirca,
1585 943 1658 982 sub
1697 943 1858 982 anathe-

341 999 460 1037 matis
489 998 740 1037 districtione
760 998 937 1037 severius
965 997 1225 1048 prohibemus
1247 1011 1298 1036 ne
1326 997 1408 1036 tale
1437 997 1487 1036 de
1517 1001 1660 1036 caetero
1690 1001 1858 1048 attemp-

342 1058 427 1091 tare
465 1057 692 1104 praesumat,
733 1052 812 1091 nisi
848 1052 1068 1103 Episcopus
1100 1052 1164 1091 vel
1196 1051 1360 1091 clericus
1392 1056 1548 1090 tantam
1580 1051 1859 1090 necessitatem

342 1106 574 1158 inspexerit,
606 1110 653 1145 ut
682 1107 831 1157 absque
852 1110 1031 1145 coactore
1062 1106 1113 1144 ad
1147 1105 1407 1145 reservandas
1436 1118 1666 1144 communes
1695 1105 1861 1144 necessi—

343 1165 458 1209 tates,
480 1160 552 1199 ubi
572 1160 766 1199 laicorum
784 1173 866 1199 non
886 1163 1107 1211 suppetunt
1135 1160 1358 1208 facultates,
1381 1159 1560 1198 subsidia
1579 1172 1650 1210 per
1678 1158 1860 1198 ecclesias

343 1214 578 1253 existiment
606 1214 858 1253 conferenda.
917 1213 962 1252 Si
990 1219 1126 1253 autem
1146 1214 1327 1253 consules
1356 1218 1426 1252 aut
1445 1213 1513 1252 alii
1533 1213 1583 1252 de
1612 1217 1755 1252 caetero
1784 1213 1862 1251 ista

344 1269 629 1316 commiserint,
651 1274 692 1307 et
712 1267 945 1307 commoniti
965 1267 1158 1307 desistere
1178 1268 1282 1307 forte
1302 1267 1517 1315 noluerint,
1540 1272 1624 1306 tam
1645 1267 1721 1318 ipsi
1742 1280 1862 1318 quam

345 1323 523 1361 fautores
553 1336 689 1361 eorum
719 1322 1122 1361 excommunicationi
1152 1335 1193 1361 se
1212 1322 1401 1361 noverint
1429 1321 1645 1372 subjacere,
1668 1334 1740 1360 nec
1769 1320 1862 1359 fide—

344 1376 443 1414 lium
480 1377 749 1415 communioni
780 1376 1003 1415 reddantur
1035 1376 1113 1414 nisi
1150 1376 1469 1415 satisfactionem
1499 1375 1670 1415 fecerint
1709 1388 1863 1426 compe-

345 1435 510 1470 tentem.

403 1540 463 1577 17.
504 1548 609 1576 XXV.
651 1538 754 1576 Cum
795 1537 838 1575 in
877 1537 1029 1576 cunctis
1077 1537 1262 1585 ecclesiis,
1303 1538 1410 1588 quod
1449 1537 1631 1589 pluribus
1679 1543 1720 1576 et
1762 1535 1863 1575 sani·

344 1592 482 1630 oribus
509 1592 700 1630 fratribus
729 1591 861 1630 visum
889 1591 1012 1630 fuerit
1040 1591 1320 1630 incunctanter
1345 1592 1467 1631 debet
1495 1591 1709 1638 observari,
1740 1603 1861 1641 grave

347 1645 465 1684 nimis
482 1650 552 1693 est,
572 1650 613 1684 et
633 1645 940 1697 reprehensione
956 1644 1246 1696 dignissimum,
1266 1645 1373 1696 quod
1388 1659 1458 1696 per
1472 1645 1665 1696 quasdam
1679 1644 1862 1683 ecclesias

348 1699 474 1750 pauci,
497 1713 726 1750 quanquam
745 1712 827 1738 non
855 1704 940 1737 tam
969 1698 1019 1737 de
1047 1699 1202 1738 ratione
1232 1712 1352 1750 quam
1380 1700 1430 1738 de
1460 1700 1621 1750 propria
1640 1699 1859 1746 voluntate,

344 1753 641 1793 ordinationem
660 1753 882 1792 multorum
902 1757 943 1791 et
966 1753 1228 1803 prudentium
1246 1753 1485 1804 impediunt,
1507 1759 1548 1791 et
1567 1753 1862 1792 ordinationem

348 1807 654 1846 ecclesiasticam
691 1806 904 1858 procedere
936 1820 1018 1845 non
1048 1807 1290 1857 permittunt
1304 1807 1552 1857 2—quocirca
1585 1805 1762 1857 presenti
1798 1805 1864 1843 de-

349 1866 456 1900 creto
504 1861 729 1909 statuimus,
769 1861 848 1899 nisi
885 1875 908 1899 a
954 1861 1206 1911 paucioribus
1245 1865 1286 1900 et
1322 1861 1578 1899 inferioribus
1626 1859 1862 1898 rationabile

346 1915 501 1966 aliquid
531 1915 733 1966 objectum
771 1914 894 1953 fuerit
932 1920 973 1953 et
1012 1919 1229 1964 ostensum,
1261 1914 1528 1965 appellatione
1558 1918 1723 1961 remota,
1767 1926 1863 1964 prae-

350 1969 480 2008 valeat
500 1982 666 2020 semper,
690 1974 731 2007 et
751 1982 868 2007 suum
897 1973 1087 2019 sequatur
1106 1969 1301 2016 effectum,
1325 1968 1432 2020 quod
1461 1982 1484 2006 a
1512 1967 1674 2018 majoris
1703 1971 1744 2006 et
1764 1967 1864 2005 sani-

350 2023 427 2062 oris
449 2028 561 2074 parte
582 2023 734 2062 consilii
754 2023 878 2061 fuerit
897 2023 1172 2062 constitutum.
1232 2023 1316 2061 Nec
1337 2022 1666 2061 constitutionem
1685 2025 1864 2059 nostram

350 2077 553 2128 impediat,
577 2077 609 2115 si
629 2077 733 2116 forte
753 2077 897 2127 aliquis
926 2076 978 2114 ad
1007 2077 1320 2116 conservandam
1348 2076 1520 2115 ecclesiae
1549 2089 1630 2114 suae
1657 2079 1865 2114 consuetu-

350 2131 486 2169 dinem
506 2144 546 2170 se
572 2131 801 2192 juramento
821 2130 929 2169 dicat
957 2130 1191 2170 astrictum:
1220 2144 1302 2169 non
1331 2130 1438 2169 enim
1457 2130 1626 2169 dicenda
1646 2133 1741 2167 sunt
1759 2128 1865 2179 jura—

352 2189 498 2233 menta,
521 2190 582 2223 set
601 2184 776 2236 perjuria
804 2184 950 2235 potius,
973 2198 1060 2234 quae
1081 2188 1219 2223 contra
1247 2185 1529 2223 auctoritatem
1558 2183 1864 2222 ecclesiasticam

352 2243 392 2276 et
420 2244 649 2277 sanctorum
675 2238 847 2277 fratrum
876 2238 1044 2277 veniunt
1071 2239 1268 2277 instituta
1329 2238 1371 2277 Si
1400 2238 1488 2289 quis
1508 2251 1602 2276 vero
1632 2235 1865 2288 hujusmodi

353 2292 670 2341 consuetudines,
693 2306 781 2343 quae
800 2305 872 2331 nec
892 2292 1047 2331 ratione
1065 2292 1260 2343 juvantur
1278 2306 1350 2331 nec
1370 2293 1490 2331 sacris
1510 2295 1735 2343 congruunt
1754 2290 1865 2329 insti-

352 2346 462 2395 tutis,
487 2359 622 2384 curare
652 2345 979 2397 praesumpserit,2
1007 2346 1132 2385 donec
1161 2346 1399 2398 condignam
1428 2346 1553 2397 egerit
1572 2345 1860 2397 poenitentiam,

352 2414 375 2438 a
395 2400 647 2451 perceptione
668 2399 856 2450 Corporis
877 2404 917 2439 et
938 2400 1151 2451 Sanguinis
1171 2400 1373 2439 Dominici
1394 2400 1547 2439 alienus
1567 2400 1725 2439 existat.

410 2509 470 2545 18.
506 2517 628 2545 XXVI.
689 2507 899 2556 Quoniam,
940 2508 981 2546 in
1020 2507 1260 2558 quibusdam
1292 2508 1399 2555 10015,
1440 2507 1674 2546 fundatores
1713 2505 1866 2545 ecclesi-

353 2574 477 2609 arum,
512 2565 582 2599 aut
610 2560 786 2599 haeredes
815 2561 1064 2609 eorundem,3
1084 2566 1283 2612 potestate
1312 2562 1355 2600 in
1388 2574 1467 2612 qua
1496 2574 1562 2600 005
1590 2560 1767 2600 Ecclesia
1795 2559 1865 2599 diu

355 2614 548 2653 sustinuit
576 2614 808 2662 abutuntur,
835 2620 875 2653 et
901 2628 992 2654 cum
1020 2615 1062 2653 in
1081 2615 1257 2654 Ecclesia
1276 2615 1353 2654 Dei
1382 2628 1485 2653 unus
1511 2615 1655 2654 debeat
1684 2628 1767 2653 esse
1796 2613 1865 2665 qui

353 2668 489 2719 praesit
508 2667 597 2720 ipsi,
618 2668 751 2719 plures
771 2669 856 2707 sine
876 2668 1151 2721 respec[10]tu
1179 2669 1439 2720 subjectionis
1458 2669 1602 2720 eligere
1631 2668 1862 2714 moliuntur,

354 2726 395 2760 et
423 2735 514 2760 cum
533 2735 614 2760 una
634 2721 796 2760 ecclesia
824 2722 944 2761 unius
964 2723 1110 2762 debeat
1129 2736 1213 2762 esse
1233 2723 1407 2771 rectoris,
1429 2736 1501 2774 pro
1521 2736 1592 2761 sua
1620 2721 1862 2769 defensione,

354 2776 546 2836 plurimos
567 2776 721 2826 eligunt
741 2780 781 2814 et
809 2781 1108 2827 repraesentant.
1168 2776 1370 2825 Quocirca,
1393 2777 1580 2828 praesenti
1603 2776 1763 2814 decreto
1790 2779 1866 2813 sta-

355 2829 502 2868 tuimus
531 2834 586 2877 ut,
610 2830 641 2868 si
667 2829 771 2868 forte
800 2829 841 2868 in
861 2829 995 2891 plures
1025 2835 1157 2882 partes
1186 2830 1447 2870 fundatorum
1467 2835 1562 2870 vota
1582 2843 1623 2869 se
1642 2828 1863 2875 diviserint,

353 2883 419 2922 ille
448 2861 687 2934 praeficiatur
717 2883 889 2922 ecclesiae
919 2884 988 2934 qui
1014 2884 1232 2935 majoribus
1267 2884 1434 2935 juvatur
1462 2884 1626 2932 mentis,
1659 2887 1699 2922 et
1726 2859 1865 2934 populi

484 2961 495 2981 ¹
519 2962 638 2995 Honcr
640 2973 672 2994 α.
917 2962 1034 2994 '’Pra
1037 2963 1248 3003 sumpserint
1486 2962 1732 2996 ³-E'arundem
