2033 3242
388 244 470 282 300
821 252 1134 282 CARTULARIUM
1157 252 1460 282 RIEVALLENSE.

390 370 538 398 versus
559 356 719 398 vallem
739 370 875 410 usque
897 357 951 397 ad
972 360 1130 397 terram
1150 356 1324 397 illorum
1345 370 1398 397 ex
1419 356 1552 397 altera
1583 360 1725 410 parte:
1757 355 1898 395 Dona-

389 415 551 456 tionem
583 448 592 457 .
640 447 649 457 .
693 447 702 457 .
741 428 848 469 quas
888 414 1137 455 Willelmus
1177 414 1292 455 filius
1329 414 1482 468 Rogeri
1514 414 1593 454 filii
1628 412 1811 467 Malgeri
1847 411 1899 453 de

392 473 740 526 Hundemaneby
771 505 780 514 .
814 505 822 514 .
854 505 863 513 .
895 472 997 513 fecit
1027 472 1121 513 Deo
1153 476 1196 513 et
1226 472 1445 513 monachis
1477 472 1693 526 praedictis
1725 471 1776 511 de
1806 474 1899 511 tota

389 536 513 579 terra,
535 544 633 572 oum
654 530 942 584 pertinenciis,
965 544 1095 584 quarn
1111 530 1265 570 habuit
1285 530 1331 570 in
1353 530 1565 570 territorio
1586 530 1638 571 de
1660 529 1899 570 Folketona

390 589 538 630 —soiL
562 592 655 629 tota
689 588 766 628 1116
798 588 968 629 cultura
1003 601 1099 642 quae
1134 592 1312 628 vocatur
1344 588 1538 629 Cotehil:
1571 587 1898 629 Concessionem

390 680 398 687 .
431 679 439 688 .
471 678 479 687 .
513 660 619 700 quas
640 646 848 687 Ricardus
881 646 933 687 de
965 646 1114 700 Lascy,
1144 645 1260 687 filius
1293 646 1465 686 Ricardi
1495 646 1630 700 Lascy
1660 645 1713 686 de
1744 644 1898 685 Folke-

389 710 502 753 tona,
554 737 562 746 .
605 736 615 746 .
664 737 673 745 .
719 704 821 744 fecit
856 704 951 744 Deo
1000 734 1009 742 .
1055 736 1064 746 .
1111 737 1118 745 .
1167 704 1219 745 de
1265 703 1463 744 omnibus
1504 704 1639 754 terris,
1681 703 1814 757 pratis
1856 706 1900 742 et

389 762 588 815 pasturis,
630 766 673 803 et
712 762 912 803 omnibus
948 762 1205 803 tenementis
1248 775 1343 815 quae
1384 761 1545 802 habent
1575 775 1629 802 ex
1664 761 1775 802 dono
1811 773 1900 808 suo,

388 820 637 861 dimissione
701 833 1057 874 quorumcunque
1127 823 1443 861 antecessorum
1510 819 1646 873 ipsius
1715 818 1901 868 Ricardi,

388 878 458 919 vel
489 878 670 918 aliorum
710 878 941 919 liberorum
982 878 1206 918 hominum
1247 878 1299 918 de
1339 877 1586 927 Folketona,
1627 880 1670 918 et
1708 877 1754 917 in
1794 876 1899 916 villa

389 939 432 976 et
471 935 685 977 territorio
736 936 927 990 ejusdem
974 936 1089 977 villae
1139 936 1192 977 de
1235 935 1484 984 Folketona,
1525 940 1567 976 et
1608 935 1659 976 de
1702 934 1899 975 omnibus

389 994 513 1035 terris
535 999 578 1035 et
608 994 865 1035 tenementis
889 1008 984 1048 quae
1005 994 1166 1035 habent
1181 994 1227 1033 in
1248 994 1353 1034 villa
1374 998 1416 1034 et
1437 993 1651 1034 territorio
1672 992 1899 1046 praedictis,

389 1052 459 1092 vel
480 1052 726 1106 ubicunque
747 1052 852 1093 alibi
873 1052 924 1092 de
946 1052 1067 1092 feodo
1098 1052 1233 1105 ipsius
1254 1051 1452 1092 Ricardi:
1484 1051 1773 1092 Donationem
1804 1083 1812 1091 .
1845 1083 1853 1091 .
1888 1083 1896 1092 .

389 1123 496 1163 quas
518 1110 734 1151 Walterus
757 1109 984 1152 Shankes1
1015 1111 1067 1151 de
1089 1110 1379 1164 Flothmanby
1412 1143 1421 1152 .
1455 1141 1464 1152 .
1498 1142 1505 1150 .
1539 1109 1642 1150 fecit
1676 1109 1769 1149 Deo
1803 1141 1812 1151 .
1846 1140 1855 1150 .
1890 1141 1898 1150 .

390 1168 442 1208 de
463 1173 638 1222 pastura
673 1169 727 1209 ad
748 1168 1030 1222 quadraginta
1067 1182 1177 1217 oves,
1212 1182 1309 1209 cum
1343 1167 1635 1222 pertinenciis,
1669 1167 1714 1207 in
1751 1165 1898 1206 Floth-

389 1226 561 1280 manby,
586 1240 664 1280 per
694 1231 846 1275 totum,
877 1227 1124 1280 ubicunque
1156 1259 1164 1267 .
1196 1259 1205 1268 .
1238 1241 1273 1267 .:
1306 1225 1635 1267 Concessionem
1664 1225 1806 1273 etiam,
1836 1237 1898 1265 re-

388 1284 636 1325 missionem
657 1289 700 1325 et
721 1285 912 1338 quietam
946 1284 1225 1325 clamanciam
1261 1297 1367 1338 quas
1389 1284 1603 1324 Mathaeus
1626 1283 1677 1323 (16
1698 1282 1901 1336 Langtoft

389 1346 432 1382 et
453 1342 651 1392 Matilda,
671 1356 779 1383 uxor
815 1343 918 1395 ejus,
939 1344 1133 1383 fecerunt
1168 1342 1331 1382 Abbati
1364 1346 1406 1383 et
1427 1341 1648 1382 monachis
1683 1340 1900 1394 praedictis

390 1400 441 1440 de
462 1405 553 1441 toto
584 1401 681 1453 jure
714 1405 758 1441 et
793 1401 946 1442 61611116
973 1414 1068 1454 quae
1100 1401 1344 1441 habuerunt
1364 1400 1411 1440 in
1443 1399 1754 1453 quinquaginta
1790 1398 1900 1438 acris

387 1461 521 1508 terrae,
543 1463 585 1499 et
607 1472 693 1499 una
714 1472 812 1499 6616
842 1463 885 1499 61
921 1458 1100 1499 dimidia
1135 1458 1248 1512 prati
1288 1463 1330 1499 et
1371 1472 1459 1498 una
1497 1455 1657 1513 [blank]
1695 1456 1899 1505 1111136116,

389 1529 487 1556 cum
551 1516 839 1570 pertinenciis,
914 1517 960 1556 in
1019 1517 1124 1557 vilia
1184 1516 1236 1557 de
1306 1516 1588 1569 Flotemanby
1652 1519 1695 1556 et
1756 1519 1899 1555 extra:

388 1574 680 1615 Donationem
723 1608 730 1616 .
778 1607 786 1616 .
834 1607 843 1616 .
890 1588 996 1628 quas
1029 1575 1177 1615 Simon
1209 1574 1338 1628 Scrop
1371 1575 1422 1615 de
1453 1573 1738 1627 Flotemanby
1779 1606 1787 1614 .
1835 1606 1843 1614 .
1890 1605 1898 1612 .

388 1632 492 1673 fecit
538 1633 631 1673 Deo
682 1636 725 1673 et
774 1632 995 1673 monachis
1051 1632 1267 1686 praedictis
1319 1632 1371 1673 de
1424 1636 1514 1672 tota
1565 1636 1677 1672 terra
1736 1644 1812 1671 6116
1852 1629 1899 1670 111

388 1690 684 1744 Flotemanby,
732 1704 827 1744 quae
878 1691 993 1743 jacet
1043 1704 1171 1743 super
1226 1690 1430 1731 Waldike
1481 1703 1628 1730 versus
1665 1688 1900 1736 meridiem,

387 1762 482 1801 quae
502 1749 690 1802 pertinet
710 1749 763 1789 ad
785 1762 858 1789 sex
880 1749 1055 1789 bovatas
1087 1753 1207 1788 terrae
1230 1748 1282 1788 de
1303 1748 1491 1788 dominio
1523 1761 1610 1796 6116,
1632 1752 1674 1787 61
1705 1747 1757 1787 de
1788 1760 1901 1787 com—

386 1820 519 1847 muna
540 1820 669 1860 quam
690 1806 842 1847 habuit
863 1820 989 1860 super
1004 1806 1218 1855 Waldike,
1240 1819 1369 1859 prope
1396 1810 1439 1846 et
1470 1805 1619 1859 procul
1649 1805 1694 1844 in
1726 1809 1901 1858 pastura

387 1869 429 1905 et
451 1865 579 1905 moris
601 1869 643 1905 et
664 1865 862 1905 omnibus
885 1864 979 1905 61116
1001 1865 1127 1905 rebus
1150 1869 1192 1904 et
1213 1864 1476 1904 aisiamentis
1499 1867 1710 1917 quantum
1742 1862 1900 1915 pertin-

387 1922 454 1963 uit
475 1922 528 1963 ad
550 1922 775 1976 praedictas
797 1936 872 1963 sex
889 1923 1064 1963 bovatas
1080 1926 1214 1971 terrae,
1232 1927 1274 1962 et
1295 1922 1346 1962 de
1363 1926 1453 1962 tota
1469 1921 1659 1961 turbaria
1680 1934 1775 1974 quae
1787 1921 1902 1973 jacet

388 1980 434 2019 in
455 1981 635 2021 marisco
658 1982 709 2021 de
726 1981 760 2021 F
762 1981 996 2021 lotemanbi
1019 1981 1170 2021 subtus
1193 1980 1315 2029 How,
1338 1985 1380 2020 et
1402 1993 1488 2020 11116
1510 1993 1606 2020 6616
1627 1983 1751 2019 terrae
1773 1978 1901 2018 cultae

386 2038 499 2078 inter
520 2039 699 2079 eandem
719 2039 953 2079 turbariam
974 2043 1017 2079 et
1040 2039 1161 2086 How,
1183 2042 1226 2078 et
1246 2038 1298 2078 de
1320 2041 1409 2078 toto
1440 2042 1562 2091 prato
1594 2051 1668 2078 suo
1700 2037 1746 2076 in
1776 2036 1901 2086 Nok’,

387 2100 429 2136 et
450 2096 629 2137 dimidia
651 2111 746 2137 6616
767 2102 888 2137 terrae
911 2096 1037 2137 cultae
1058 2097 1104 2136 in
1126 2095 1368 2146 Oustholm,
1384 2100 1427 2136 et
1448 2096 1500 2136 de
1521 2098 1612 2135 1616
1628 2099 1748 2148 prato
1763 2108 1838 2135 suo
1855 2095 1901 2134 in

386 2154 656 2203 Horsehohn‚
679 2169 777 2195 cum
798 2154 1086 2209 pertinenciis,
1108 2159 1151 2195 et
1182 2155 1232 2194 de
1265 2154 1417 2194 averiis
1438 2153 1738 2207 praedictorum
1756 2166 1902 2192 mona-

386 2212 563 2252 chorum
584 2213 715 2253 libere
737 2213 959 2266 pascendis
981 2227 1056 2266 per
1078 2216 1211 2252 totam
1229 2225 1499 2253 communam
1522 2211 1574 2252 de
1595 2210 1901 2259 Flotemanebi,

388 2274 598 2322 quantum
621 2271 830 2323 pertinuit
856 2271 909 2311 ad
940 2271 1122 2311 liberum
1144 2275 1438 2310 tenementum
1470 2269 1605 2322 ipsius
1638 2268 1824 2309 Simonis
1854 2268 1901 2308 in

388 2327 536 2368 eadem
558 2328 673 2377 villa,
695 2329 902 2382 quamdiu
922 2328 1070 2369 turbas
1092 2333 1134 2369 et
1157 2329 1305 2368 fenum
1327 2342 1452 2368 suum
1475 2328 1671 2376 carriant‚
1693 2331 1736 2367 et
1767 2326 1900 2366 donec

386 2385 749 2439 pemarriaverint,
771 2391 814 2427 et
845 2387 896 2427 de
918 2387 1052 2427 libero
1083 2386 1277 2440 ingressu
1293 2390 1335 2427 et
1348 2386 1482 2426 libero
1500 2398 1669 2439 egressu
1683 2384 1736 2425 ad
1754 2397 1900 2424 omnes

387 2448 521 2484 terras
543 2457 640 2484 suas
662 2458 767 2498 quas
788 2445 1030 2485 habuerunt
1052 2444 1102 2484 de
1123 2444 1215 2498 ipso
1234 2444 1416 2492 Simone,
1439 2447 1480 2484 et
1497 2443 1549 2483 de
1565 2443 1698 2483 libero
1715 2442 1900 2482 transitu

388 2515 465 2554 per
505 2515 650 2542 61111166
687 2506 819 2543 161166
856 2516 954 2543 61166
990 2502 1237 2555 ubicunque
1274 2515 1444 2542 necesse
1479 2500 1710 2541 habuerint
1746 2500 1827 2540 sibi
1859 2504 1902 2540 et

389 2559 634 2600 hominibus
657 2560 756 2609 suis,
778 2565 821 2601 et
837 2560 1045 2613 jumentis
1077 2564 1120 2600 et
1141 2559 1398 2600 animalibus
1420 2564 1463 2600 et
1483 2559 1705 2612 pecoribus
1737 2558 1836 2606 suis,
1859 2560 1902 2598 et

389 2617 518 2657 carris
541 2621 585 2657 et
606 2618 781 2658 carectis
813 2623 855 2659 et
887 2617 1135 2671 summagiis
1168 2618 1267 2666 suis,
1300 2617 1488 2670 exceptis
1519 2616 1656 2657 bladis
1693 2620 1736 2656 et
1768 2615 1900 2669 pratis

388 2680 487 2715 ante
509 2675 793 2724 falcationem,
815 2681 857 2716 et
878 2676 929 2716 de
950 2676 1120 2716 redditu
1141 2682 1324 2728 quatuor
1346 2675 1615 2715 denariorum
1646 2674 1691 2713 in
1723 2673 1827 2713 villa
1849 2673 1901 2713 de

387 2732 682 2773 Flotemanebi
703 2733 755 2773 de
786 2734 894 2773 tofto
921 2733 1048 2786 juxta
1079 2733 1217 2773 Broke
1249 2733 1362 2786 quod
1394 2733 1604 2773 Robertus
1636 2732 1688 2772 de
1720 2731 1901 2784 Helper-

387 2790 515 2844 thorp
532 2791 695 2831 tenuit:
718 2791 1044 2832 Concessionem
1076 2825 1083 2832 .
1117 2824 1123 2831 .
1157 2824 1164 2831 .
1198 2805 1302 2844 quas
1326 2790 1570 2830 VViHehnus
1587 2790 1700 2830 filius
1717 2789 1900 2836 Thomae,

389 2849 499 2889 Baro
536 2849 588 2890 de
623 2848 864 2901 Grayst002
895 2882 902 2889 .
935 2882 942 2889 .
976 2882 983 2889 .
1018 2849 1120 2889 fecit
1141 2849 1233 2890 Deo
1265 2883 1271 2890 .
1306 2881 1313 2888 .
1348 2881 1355 2888 .
1389 2848 1440 2888 de
1474 2848 1671 2888 omnibus
1703 2846 1827 2887 terris
1858 2850 1901 2886 et

605 2921 615 2941 ¹
640 2922 797 2954 Written
814 2921 972 2954 Shanlcel.
1325 2922 1338 2941 2
1361 2922 1520 2954 XVritten
1537 2922 1707 2962 Oraystoc.
