2033 3242
410 269 490 305 424
845 271 1158 303 CARTULARIUM
1181 270 1486 301 RIEVALLENSE.

408 380 578 420 Christo.
614 411 620 417 .
654 411 660 417 .
695 410 702 417 .
734 378 884 417 Abbati
916 382 957 415 et
983 375 1210 415 Conventui
1232 374 1282 413 de
1308 374 1488 414 Rievalle
1518 374 1567 414 de
1597 388 1677 414 uno
1707 373 1921 426 mesuagio,

408 440 497 474 octo
526 434 651 482 tostis,
675 446 754 471 una
776 431 965 479 bercaria,
988 434 1029 469 et
1057 428 1360 480 quatuordecim
1389 429 1545 468 bovatis
1574 434 1690 468 terrae
1720 442 1811 468 cum
1839 441 1924 479 per-

408 489 602 536 tinenciis,
635 488 675 526 in
705 487 883 526 Neusom
916 497 1037 536 super
1064 484 1175 531 Tese,
1206 483 1248 522 in
1276 483 1519 534 Episcopatu
1548 483 1747 530 Dunelm.‚
1784 483 1825 521 in
1860 496 1924 521 ex-

407 543 606 582 cambium
636 555 706 593 pro
740 541 869 580 tribus
903 538 1126 590 mesuagiiS,
1159 551 1239 576 una
1271 537 1428 585 bovata,
1452 543 1492 575 et
1525 537 1791 589 quadraginta
1823 537 1923 575 acris

407 603 535 645 terrae,
567 597 734 648 triginta
761 595 861 634 acris
891 593 1008 645 prati,
1030 592 1175 644 viginti
1205 596 1245 631 et
1273 605 1354 630 una
1382 591 1482 630 acris
1511 591 1628 639 bosci,
1652 606 1743 630 cum
1771 591 1924 642 pertin-

407 652 539 699 enciis,
576 651 616 689 in
651 649 848 700 Bellerby‚
880 648 1008 688 eidem
1043 646 1220 685 Henrico
1253 660 1324 697 per
1362 645 1490 685 dictos
1522 646 1722 684 Abbatem
1753 651 1794 684 et
1823 646 1922 684 Con-

407 711 572 745 ventum
601 705 643 743 in
672 704 790 743 feodo
819 702 962 742 dandis
992 706 1032 741 et
1061 700 1335 747 concedendis,
1358 705 1464 739 ratas
1485 699 1677 739 habentes
1706 704 1747 738 et
1775 704 1919 751 gratas,

406 774 471 799 eas
491 773 563 810 pro
583 759 699 798 nobis
720 764 760 797 et
775 757 1001 796 haeredibus
1021 755 1181 803 nostris,
1198 759 1395 806 quantum
1414 754 1456 793 in
1476 754 1591 793 nobis
1611 759 1681 802 est,
1704 759 1857 792 statuto
1872 754 1921 792 de

405 815 521 853 terris
549 818 590 852 et
619 812 859 852 tenementis
888 811 938 850 ad
958 823 1121 849 manum
1140 814 1342 848 mortuam
1371 822 1451 847 non
1480 808 1674 859 ponendis
1704 808 1812 847 edito
1841 822 1922 847 non

405 869 601 915 obstante,
642 867 893 906 concedimus
933 870 973 905 et
1006 865 1285 904 confirmamus
1316 863 1419 902 sicut
1458 862 1650 914 scriptum
1687 862 1922 913 praedictum

405 921 697 962 rationabiliter
716 925 899 960 testatur.
950 920 999 958 In
1019 919 1145 970 cujus,
1168 923 1239 957 etc.
1290 917 1409 957 Teste
1429 917 1551 968 Rege.
1609 916 1732 968 Apud
1752 916 1920 955 &Vestnr

407 993 431 1016 x
453 977 518 1016 (lie
540 976 688 1016 Martii.
749 976 826 1014 Per
845 976 965 1013 finem
985 973 1130 1025 viginti
1152 972 1381 1012 solidorum.

633 1084 837 1137 [Extracts
859 1084 962 1122 from
979 1080 1262 1132 Archbishops’
1280 1081 1485 1132 Registers
1507 1084 1549 1118 at
1564 1078 1707 1132 York]

463 1168 548 1205 104.
579 1164 859 1219 [lVickwainQ
883 1163 994 1209 lxxv,
1013 1159 1484 1215 [1279].]—Willelmus,
1507 1189 1515 1198 .
1539 1190 1547 1199 .
1572 1190 1580 1198 .
1603 1158 1749 1197 dilecto
1770 1163 1811 1196 et
1829 1171 1924 1209 prac-

405 1220 569 1259 cordiali
599 1219 673 1258 sibi
702 1219 744 1256 in
779 1218 942 1257 Christo
974 1217 1125 1255 Jacobo
1157 1215 1381 1264 Cummino,
1419 1213 1621 1253 Canonico
1656 1212 1920 1263 Cycestrensi,

406 1273 653 1326 procuratori
682 1272 869 1324 Magistri
893 1272 920 1311 J
924 1271 1093 1311 ohannis
1113 1270 1163 1309 de
1185 1269 1434 1317 Camessane,
1457 1268 1639 1307 Rectoris
1660 1267 1845 1306 Ecclesiae
1874 1266 1923 1305 de

406 1329 597 1380 Apeltun,
629 1327 797 1366 salutem
827 1340 916 1365 cum
945 1325 1159 1364 dilectione
1190 1337 1345 1375 semper
1375 1323 1536 1362 sincera.
1596 1321 1788 1360 Volentes
1816 1321 1923 1372 quod

406 1384 509 1422 bona
538 1381 757 1434 supradicti
786 1380 939 1419 domini
969 1380 1028 1418 tui
1063 1384 1287 1431 augeantur
1321 1378 1549 1429 prosperius
1584 1381 1624 1415 et
1657 1380 1920 1423 concrescant,

406 1438 479 1476 tibi
498 1437 735 1476 mandamus
755 1437 944 1486 quatinus
974 1434 1108 1473 omnia
1127 1433 1352 1485 spiritualia
1372 1437 1412 1471 et
1441 1430 1674 1483 temporalia
1703 1430 1925 1482 spectantia

405 1492 455 1531 ad
476 1491 646 1531 eundem
673 1490 881 1529 dominum
910 1495 1026 1527 tuum
1046 1488 1087 1526 in
1116 1487 1283 1538 prfefata
1301 1487 1478 1526 Ecclesia
1497 1487 1539 1524 in
1568 1499 1703 1524 curam
1728 1489 1768 1524 et
1797 1490 1924 1523 custo-

405 1547 512 1585 diam
532 1551 643 1584 tuam
664 1545 835 1583 fideliter
865 1548 905 1582 et
925 1543 1079 1594 integre
1099 1555 1333 1591 reassumas,
1355 1554 1435 1580 non
1465 1541 1651 1580 obstante
1671 1539 1803 1590 aliqua
1832 1553 1924 1578 con-

406 1601 642 1640 tradictione
672 1600 806 1646 firmae,
829 1597 1082 1649 obligatione,
1106 1596 1370 1635 conventione
1397 1609 1466 1634 seu
1495 1599 1704 1634 contractu
1723 1594 1923 1632 Abbatem

406 1661 446 1694 et
466 1654 682 1694 monachos
702 1653 751 1692 de
772 1652 966 1704 Ryevalle
987 1651 1324 1702 contingentibus.
1378 1650 1574 1689 Volumus
1604 1649 1725 1687 etiam
1747 1647 1854 1699 quod
1874 1647 1923 1686 de

407 1708 594 1763 [illessible]
629 1708 824 1746 hactenus
858 1710 1105 1757 sequestrata
1133 1705 1256 1743 iidem
1291 1710 1331 1743 et
1359 1704 1545 1743 monachi
1573 1703 1647 1742 tibi
1677 1702 1925 1741 satisfaciant

405 1769 446 1803 et
466 1762 736 1815 respondeant
754 1761 947 1813 requisiti.
1006 1760 1059 1799 Et
1078 1760 1153 1798 hoc
1177 1758 1328 1798 eisdem
1347 1763 1485 1797 tenore
1513 1757 1770 1809 praesentium
1790 1755 1924 1794 nunti-

406 1832 528 1857 amus.
587 1817 698 1856 Vale.
758 1816 848 1855 Dat.
883 1814 988 1867 apud
1019 1813 1256 1858 Northwell,
1279 1814 1317 1851 vi
1340 1813 1431 1852 Kal.
1454 1811 1638 1864 Augusti,
1662 1811 1924 1850 Pontificatus

406 1873 531 1912 nostri
554 1872 608 1910 AO
629 1872 767 1923 primo.

466 1984 550 2020 1023.
575 1979 823 2035 [Corbridge,
838 1979 864 2017 f.
881 1978 993 2016 xxiii.
1013 1975 1478 2030 [13Oo].]—co1nmissi0
1495 1974 1599 2012 facta
1614 1973 1747 2012 Fratri
1760 1973 1924 2020 dac-cbo,

407 2036 576 2076 Custodi
596 2034 781 2074 Ecclesiae
811 2033 860 2072 de
890 2031 1213 2082 Skardbourghe,
1246 2030 1296 2068 ad
1325 2028 1614 2068 absolvendum
1643 2027 1845 2066 Abbatem
1875 2027 1924 2066 (le

406 2090 626 2142 Ripeualle,
663 2094 703 2127 et
731 2088 782 2126 ad
822 2086 1135 2138 dispensandum
1175 2098 1265 2123 cum
1304 2084 1444 2123 eodem
1478 2096 1597 2133 super
1630 2082 1924 2121 contributione

408 2145 512 2183 facta
532 2144 633 2195 Regi
654 2148 791 2182 contra
811 2155 957 2180 novam
978 2139 1306 2179 constitutionem
1326 2137 1492 2177 Domini
1512 2137 1642 2188 Papae.

461 2199 634 2237 Thomas
664 2204 750 2243 etc„
787 2196 933 2235 dilecto
964 2195 1005 2233 in
1040 2194 1201 2233 Christo
1234 2193 1326 2240 filio,
1360 2191 1493 2231 Fratri
1529 2191 1692 2239 Jacobo,
1725 2190 1923 2229 Monacho

408 2252 643 2291 Monasterii
675 2250 866 2298 Cistercii,
899 2248 1067 2289 Custodi
1097 2248 1282 2286 Ecclesiae
1317 2247 1366 2285 de
1400 2245 1721 2296 Skardbourghe,
1759 2244 1921 2284 Cisterc.

408 2307 581 2353 Ordinis,
604 2311 749 2344 nos-trae
775 2305 986 2351 dioceseos,
1010 2303 1190 2350 salutem,
1223 2334 1230 2341 .
1263 2333 1270 2339 .
1304 2333 1310 2339 .
1342 2301 1497 2340 Littera
1516 2299 1766 2339 Venerabilis
1793 2299 1925 2337 Patris

407 2368 493 2409 ete,
516 2360 746 2399 Venerabili
774 2360 816 2397 in
846 2358 1007 2397 Christo
1037 2357 1160 2403 Patri,
1191 2356 1239 2394 D.
1268 2356 1336 2394 Gr.
1368 2354 1678 2405 Archiepiscopo
1707 2353 1838 2401 Ebor.,
1861 2352 1925 2391 vel

407 2416 493 2466 ejus
514 2415 672 2453 Vicario
697 2414 738 2451 in
768 2412 1062 2464 Spiritualibus,
1087 2411 1227 2449 Frater
1246 2409 1457 2457 Mathaeus,
1488 2408 1741 2447 miseratione
1761 2406 1922 2453 Divina,

407 2469 640 2508 Portuensis
656 2474 695 2506 et
712 2467 847 2506 Sancti
867 2466 1016 2505 Ruffini
1037 2466 1267 2516 Episcopus,
1286 2464 1455 2502 salutem
1477 2468 1547 2501 etc.
1598 2462 1790 2500 Exhibita
1810 2461 1924 2500 nobis

408 2539 457 2563 ex
487 2528 600 2575 parte
620 2522 790 2560 Abbatis
820 2519 1055 2559 Monasterii
1082 2519 1130 2558 de
1151 2517 1370 2569 Ripeualle‚
1401 2549 1409 2557 .
1443 2548 1450 2556 .
1483 2548 1489 2555 .
1524 2516 1666 2567 petitio
1695 2515 1924 2555 continebat

407 2578 514 2630 quod
544 2577 627 2628 ipse
658 2576 763 2624 olim,
785 2588 863 2614 non
886 2574 1122 2621 voluntarie,
1145 2578 1205 2611 set
1226 2573 1265 2611 vi
1290 2577 1331 2611 et
1360 2576 1481 2618 metii,
1504 2570 1572 2621 qui
1597 2570 1735 2609 cadere
1765 2574 1923 2621 poterat

408 2634 448 2671 in
476 2635 738 2677 constantem,
769 2629 923 2667 nunciis
952 2628 1188 2666 valitoribus
1219 2640 1287 2665 seu
1318 2626 1596 2665 collectoribus
1616 2624 1737 2676 Regis
1765 2623 1922 2675 Angliae

407 2686 538 2725 tallias
567 2690 607 2724 et
636 2684 829 2731 collectas,
853 2696 921 2721 seu
950 2683 1046 2721 alias
1076 2681 1371 2728 subventiones,
1398 2679 1599 2730 persolvit,
1623 2683 1786 2730 propter
1814 2676 1921 2728 quod

407 2738 828 2780 excommunicationis
857 2737 1025 2775 incurrit
1054 2735 1294 2775 sententiam
1320 2735 1363 2773 in
1382 2734 1482 2773 tales
1502 2746 1573 2785 per
1593 2731 1922 2772 constitutionem

408 2809 553 2835 novam
581 2793 745 2833 Domini
774 2792 894 2843 Papae
922 2791 1162 2843 generaliter
1194 2788 1512 2841 promulgatam3
1546 2793 1586 2826 et
1619 2787 1722 2825 sicut
1755 2786 1921 2836 legatus,

408 2864 487 2889 non
520 2850 561 2888 in
591 2851 866 2898 contemptum
895 2845 1044 2884 clarum
1079 2850 1138 2883 set
1173 2857 1244 2895 per
1277 2842 1544 2893 simplicitatis
1579 2854 1764 2886 errorem,
1785 2839 1921 2878 divina

407 2903 623 2944 celebravit
638 2902 774 2948 officia,
793 2907 834 2940 et
849 2900 945 2939 alias
961 2913 1001 2938 se
1022 2899 1189 2950 ingessit
1204 2897 1364 2944 eisdem,
1383 2909 1502 2947 super
1521 2896 1667 2945 quibus
1682 2894 1777 2933 fecit
1796 2893 1923 2931 humi-

405 2958 498 3000 liter
527 2957 741 3010 supplicari
771 2955 844 2994 sibi
876 2968 944 3005 per
975 2954 1118 2992 sedem
1153 2951 1424 3003 Apostolicam
1457 2949 1765 2988 misericorditer
1795 2947 1923 2998 provi-
