2033 3242
323 320 374 359 37
381 320 405 358 4
756 329 1070 359 CARTULARIUM
1090 328 1396 358 RIEVALLENSE.

320 432 575 481 decesserint,
597 446 678 472 non
708 433 782 472 sub
802 432 1104 484 privilegiorum
1130 436 1359 471 nostrorum
1379 432 1682 483 quibuscunque
1710 430 1841 470 indul-

319 490 455 526 torum
476 488 656 534 obtentu,
678 500 750 525 nec
779 487 852 525 sub
882 486 959 525 alia
1005 499 1243 537 quacunque
1267 487 1482 535 occasione,
1505 491 1576 526 aut
1595 486 1745 526 oblatio
1765 498 1839 537 pro

320 541 377 580 eis
398 542 478 590 fiat,
501 545 572 581 aut
591 541 697 580 inter
717 540 966 580 Christianos
988 541 1186 591 accipiant
1205 540 1462 592 sepulturam.

375 659 433 696 26.
486 667 639 696 XXXIV.
689 656 751 696 De
795 656 1132 695 Brabantionibus
1180 661 1221 695 et
1257 656 1615 718 Arragonensibus,
1654 655 1838 703 NavariS‚

318 710 548 764 Dascul[is],
565 716 605 749 et
618 711 837 759 Coterellis,
854 712 923 762 qui
936 716 1096 749 tantum
1108 711 1150 749 in
1164 710 1414 749 Christianos
1426 711 1717 749 immanitatem
1731 723 1840 748 exer-

319 769 420 813 cent,
452 770 499 803 ut
527 778 599 804 nec
629 765 804 804 ecclesiis
832 779 904 804 nec
933 765 1185 803 monasteriis
1215 764 1399 803 deferant
1420 763 1514 817 [sic],
1536 778 1608 803 nec
1636 764 1768 803 viduis
1799 767 1841 802 et

318 819 494 880 pupillis,
531 833 611 858 non
650 819 785 870 pueris
819 824 860 858 et
897 820 1068 867 senibus,
1105 832 1177 858 nec
1216 819 1382 858 cuilibet
1419 823 1584 869 parcant
1621 818 1731 857 aetati
1769 821 1840 856 aut

319 873 445 921 sexui,
468 877 528 911 set
548 886 657 912 more
676 887 924 934 paganorum
945 874 1078 912 omnia
1097 873 1267 924 perdant
1286 878 1327 912 et
1347 877 1507 911 vastent
1535 871 1729 920 similiter,
1752 885 1842 910 con-

319 926 526 965 stituimus
555 932 601 966 ut
628 927 705 978 ipsi
734 928 803 978 qui
832 941 898 966 eos
927 927 1205 975 conduxeiint,
1227 927 1292 966 vel
1320 927 1538 974 tenuerint,
1557 926 1623 965 vel
1652 925 1837 973 foverint,

319 994 390 1031 per
410 981 590 1032 regiones
610 981 652 1019 in
673 981 818 1032 quibus
847 981 984 1020 taliter
1012 981 1135 1020 debac
1157 958 1376 1034 [cli]antur,
1397 980 1439 1018 in
1459 979 1670 1020 dominicis
1691 984 1731 1019 et
1751 980 1839 1018 aliis

318 1011 477 1073 diebusD
498 1035 786 1086 sollempnibus
823 1036 866 1074 in
905 1035 1078 1074 ecclesiis
1121 1034 1455 1074 excommunicati
1502 1034 1660 1086 publice
1697 1033 1840 1072 menti-

321 1094 505 1137 onentur,
527 1094 568 1127 et
597 1089 737 1128 eadem
771 1090 934 1128 omnino
964 1089 1165 1128 sententia
1194 1094 1234 1128 et
1262 1103 1380 1140 poena
1408 1102 1499 1127 cum
1520 1087 1719 1140 praedictis
1738 1087 1841 1126 haer-

320 1143 432 1182 eticis
452 1143 677 1182 habeantur
696 1148 779 1182 asti
781 1144 869 1192 1611
888 1157 961 1183 nec
978 1143 1028 1182 ad
1049 1143 1369 1182 communionem
1388 1143 1631 1193 recipiantur
1642 1141 1838 1189 Ecclesiae,

320 1197 396 1236 nisi
417 1197 606 1236 societate
636 1197 705 1236 illa
733 1198 925 1249 pestifera
953 1203 994 1237 et
1026 1197 1169 1236 haeresi
1198 1197 1404 1247 abjuratis.
1464 1197 1681 1235 Relaxatos
1704 1200 1840 1234 autem

319 1264 359 1289 se
388 1252 576 1290 noverint
599 1265 622 1290 a
647 1252 783 1290 debito
814 1252 1021 1291 fidelitatis
1056 1265 1126 1290 seu
1155 1251 1361 1302 homagii,l
1390 1255 1459 1289 aut
1488 1250 1613 1290 totius
1643 1249 1837 1300 obsequii,

319 1305 446 1343 donec
465 1305 507 1343 in
527 1310 641 1344 tanta
659 1305 874 1357 iniquitate
904 1306 1208 1357 permanserint,
1232 1306 1458 1357 quicunque
1478 1305 1558 1343 illis
1579 1304 1713 1355 aliquo
1733 1303 1840 1342 facto

319 1363 512 1397 tenentur
531 1360 688 1399 annexi.
748 1360 851 1410 Ipsis
880 1365 1025 1408 autem,
1048 1360 1279 1410 cunctisque
1300 1359 1485 1398 fidelibus
1505 1359 1547 1397 in
1566 1357 1841 1397 remissionem

319 1413 568 1464 injungimus
589 1418 851 1465 peccatorum,
876 1420 921 1452 ut
944 1414 1069 1452 tantis
1099 1414 1279 1453 cladibus
1308 1413 1480 1451 viriliter
1500 1426 1540 1452 se
1561 1416 1777 1463 opponant,
1801 1416 1841 1450 et

320 1471 460 1505 contra
494 1480 559 1506 eos
593 1468 713 1506 almis
746 1472 938 1506 tueantur
971 1468 1162 1519 populum
1196 1468 1482 1507 Chiistianum.
1560 1466 1841 1506 Confiscentur

320 1534 480 1571 quoque
514 1522 618 1560 bona
651 1535 799 1569 eorum,
838 1521 924 1575 [13]
959 1528 1000 1561 et
1036 1522 1208 1560 liberum
1246 1522 1299 1560 sit
1331 1521 1576 1572 principibus
1609 1519 1842 1571 hujusmodi

320 1575 555 1635 pestilentes
574 1575 757 1614 homines
786 1577 982 1628 subjicere
1011 1576 1187 1615 sevituti.
1248 1576 1326 1623 Qui
1356 1580 1491 1614 autem
1518 1575 1561 1613 in
1588 1588 1682 1613 vera
1700 1574 1842 1624 poenit-

322 1629 431 1667 entia
477 1629 533 1667 ibi
571 1629 824 1678 decesserint,
866 1635 907 1669 et
944 1635 1197 1680 peccatorum
1244 1629 1539 1681 indulgentiam
1586 1633 1626 1667 et
1663 1628 1842 1666 fructum

321 1682 515 1721 mercedis
544 1687 702 1722 aeternae
722 1697 763 1722 se
782 1697 864 1722 non
885 1683 1072 1722 dubitent
1100 1684 1319 1722 habituros.
1378 1683 1463 1722 Nos
1484 1683 1604 1722 etiam
1624 1682 1674 1721 de
1694 1681 1845 1720 miseri-

322 1736 457 1775 cordia
488 1736 577 1785 Dei,
614 1742 655 1775 et
692 1737 772 1776 BB.
814 1737 927 1776 Petri
965 1743 1005 1776 et
1038 1737 1154 1776 Pauli
1193 1737 1430 1776 auctoritate
1470 1736 1619 1784 confisi,
1655 1735 1842 1774 fidelibus

322 1790 561 1829 Christianis
577 1791 645 1842 qui
661 1797 799 1830 contra
819 1805 884 1830 eos
904 1805 1015 1830 arma
1034 1791 1289 1842 susceperint,
1308 1796 1348 1830 et
1368 1791 1419 1829 ad
1439 1790 1738 1841 Episcoporum,
1757 1789 1841 1827 sive

322 1844 476 1883 alorum
501 1845 765 1884 Praelatorum
792 1846 1011 1893 consilium,
1035 1845 1086 1884 ad
1115 1859 1181 1884 eos
1211 1845 1507 1884 decertaverint
1536 1843 1840 1895 expugnandOS,

320 1898 528 1937 biennium
548 1899 597 1937 de
617 1899 800 1950 injuncta
829 1900 1068 1951 poenitentia
1096 1899 1344 1938 relaxamus:
1374 1903 1444 1936 aut
1472 1898 1505 1937 si
1533 1898 1756 1948 longiorem
1784 1896 1841 1935 ibi

320 1965 473 1991 moram
494 1953 720 2001 habuerint,
741 1953 1029 2005 Episcoporum
1049 1953 1307 1992 (1156161101112
1337 1953 1482 2003 quibus
1510 1951 1633 2002 hujus
1661 1951 1719 1990 rei
1747 1964 1841 1989 cura

321 2006 445 2045 fuerit
479 2007 674 2058 injuncta,
706 2008 1005 2056 committimus,
1040 2012 1088 2046 ut
1116 2007 1166 2046 ad
1201 2021 1339 2046 eorum
1371 2006 1595 2054 arbitrium,
1618 2005 1840 2044 secundum

321 2060 485 2099 modum
513 2061 672 2109 laboris,
694 2062 822 2112 major
851 2062 906 2101 eis
939 2039 1192 2113 indulgentia
1220 2061 1432 2100 t1ibuatur.
1491 2060 1586 2098 Illos
1616 2064 1751 2098 autem
1771 2058 1841 2109 qui

321 2114 586 2153 admonitioni
619 2115 907 2166 Episcoporum
936 2116 978 2154 in
1010 2115 1244 2166 hujusmodi
1282 2127 1419 2166 paieie
1457 2113 1781 2164 contempserint,
1818 2126 1842 2151 a

322 2169 577 2219 perceptione
609 2168 797 2220 Corporis
828 2175 869 2209 et
903 2170 1116 2221 Sanguinis
1150 2169 1316 2208 Domini
1344 2168 1530 2219 jubemus
1563 2167 1649 2206 fieri
1677 2166 1836 2206 alienos.

322 2222 493 2261 Interim
513 2236 592 2270 eos,
613 2236 718 2272 vero,
742 2223 811 2274 qui
841 2223 982 2263 ardore
1016 2224 1109 2262 fidei
1138 2223 1189 2262 ad
1221 2222 1535 2274 expugnandum
1564 2234 1630 2260 eos
1661 2221 1841 2259 laborem

321 2275 445 2314 istum
466 2254 762 2326 assunipseriiit,
785 2277 887 2316 sicut
916 2291 981 2316 eos
1011 2278 1079 2328 qui
1100 2277 1363 2328 Sepulchrum
1382 2275 1548 2314 Domini
1566 2275 1744 2322 visitant,
1767 2274 1842 2313 sub

323 2329 509 2368 Ecclesiae
529 2330 760 2370 defensione
781 2332 1004 2393 recipimus,
1020 2336 1061 2370 et
1081 2332 1130 2370 ab
1150 2331 1348 2370 universis
1370 2329 1741 2380 inquietationibus
1758 2333 1842 2367 tam

323 2384 366 2422 in
399 2384 517 2424 1611115
549 2397 670 2434 quam
703 2385 745 2423 in
778 2386 968 2436 personis,
991 2385 1205 2424 statuimus
1238 2397 1399 2424 manere
1428 2397 1597 2422 securos.
1674 2382 1717 2422 Si
1746 2396 1840 2421 velo

324 2437 536 2488 quisquam
557 2438 718 2476 interim
747 2452 813 2478 eos
842 2440 1053 2478 molestare
1083 2438 1390 2490 praesumpserit,
1414 2451 1484 2489 per
1503 2437 1745 2488 Episcopum
1764 2435 1841 2474 loci

323 2492 746 2530 excommunicationis
766 2494 966 2532 sententia
985 2494 1163 2541 feriatur,
1187 2498 1228 2532 et
1253 2492 1408 2531 tamdiu
1428 2491 1629 2531 sententia
1648 2490 1698 2529 ab
1718 2490 1842 2529 omni-

323 2545 397 2584 bus
413 2546 648 2584 observetur
663 2545 789 2585 donec
805 2547 939 2585 ablata
951 2547 1182 2594 reddantur,
1202 2552 1242 2586 et
1255 2547 1304 2585 de
1320 2545 1442 2584 illatis
1463 2545 1648 2596 dampnis
1669 2557 1789 2595 conon
1791 2556 1842 2582 116

323 2599 524 2638 satisfiat.3
579 2599 765 2650 Episcopi
798 2614 903 2648 vero,
926 2602 1009 2640 sive
1043 2601 1254 2652 presbiteii
1288 2600 1357 2651 qui
1390 2599 1537 2637 talibus
1567 2598 1727 2637 10111161·
1759 2611 1841 2636 11011

322 2653 558 2702 restiterint,
580 2653 696 2692 officii
716 2654 776 2692 sui
803 2655 1062 2705 suspensione
1092 2655 1350 2701 mulctentul,
1373 2653 1499 2692 donec
1527 2651 1840 2691 misericordiam

323 2706 566 2758 Apostolicae
587 2707 701 2746 Sedis
722 2708 941 2759 optineant.

379 2816 440 2854 27.
484 2825 622 2854 XXXV.
667 2815 1010 2866 Reprehensibilis
1058 2815 1175 2855 valde
1219 2813 1466 2854 consuetudo
1513 2813 1555 2852 in
1600 2811 1841 2863 quibusdam

322 2868 505 2919 partibus
536 2869 715 2918 inolevit,
737 2874 785 2908 ut
817 2883 907 2908 cum
940 2870 1084 2909 fratres
1105 2874 1147 2910 et
1166 2869 1237 2909 Co-
1226 2868 1414 2920 -episcopi
1443 2867 1580 2916 nostri,
1603 2880 1674 2906 seu
1701 2865 1841 2904 Archi-

539 2953 551 2974 1
574 2954 742 2987 Hominii.
793 2955 864 2988 But
880 2956 1056 2998 lefomatqc‘i'
1047 2967 1077 2988 1s
1093 2967 1114 2989 a
1131 2967 1224 2988 more
1243 2954 1409 2997 probable
1425 2952 1580 2995 reading.

538 2997 552 3017 ²
574 2998 786 3031 Discrecz'orc'.
1219 2998 1232 3018 ³
1255 2998 1434 3039 Satisfiaci.
