2033 3242
603 247 913 278 CARTULARIUM
933 248 1239 278 RIEVALLENSE.
1591 244 1671 282 317

166 350 412 392 Manerium
433 350 524 391 sive
547 351 764 406 Graungia
787 352 839 393 de
860 352 1088 402 HESKETH‚
1115 353 1310 393 MORTON
1333 353 1564 404 GRAUNGE‚
1584 355 1672 397 Esr

222 409 474 457 HARLESEY‚
496 413 539 450 et
559 410 754 450 ANGRAM
776 410 1007 460 GRAUNGE‚
1029 424 1127 452 cum
1148 411 1327 452 diversis
1347 411 1443 452 aliis
1466 412 1641 457 villatis

222 491 454 545 Compotus
485 491 697 533 Willelmi
718 493 992 547 Blytheman,
1015 494 1232 544 Generosi,
1263 494 1424 535 Ballivi
1454 496 1544 537 sive
1576 496 1672 538 Col-

163 548 332 590 lectoris
353 549 600 590 reddituum
620 550 781 591 ibidem
813 565 887 605 per
906 555 1076 605 tempus
1107 552 1375 605 praedictum,
1438 554 1672 609 Arreragia,

163 607 294 657 nulla,
315 607 415 660 quia
435 607 599 661 primus
621 613 852 662 compotus.
1286 610 1461 652 Summa
1481 611 1612 653 nulla.

641 707 872 762 Graungiae
894 708 945 749 de
968 709 1195 750 HESKETH.

219 788 302 830 Sed
322 788 462 829 reddit
483 793 730 843 compotum
763 789 814 830 de
847 789 891 830 iv
906 790 948 830 li.
971 790 1050 831 xiii
1064 804 1094 833 s.
1117 791 1163 831 iv
1176 791 1214 833 d.
1240 791 1291 832 de
1312 792 1434 833 firma
1453 793 1668 848 graungiae

161 847 249 888 sive
270 846 461 895 manerii,
483 860 579 887 cum
611 847 898 900 pertinenciis,
919 848 979 888 sic
1011 848 1198 890 dimissae
1228 850 1412 891 Roberto
1448 851 1666 893 Mennelle

159 919 235 959 per
253 904 538 954 indenturam,
560 909 608 945 ut
631 905 798 954 dicitur,
819 905 970 946 solutis
992 910 1069 947 etc.

1032 964 1208 1005 Summa
1228 964 1273 1006 iv
1287 965 1331 1008 li.
1355 966 1433 1006 xiii
1451 980 1483 1009 s.
1506 967 1551 1007 iv
1568 967 1607 1010 d.

393 1061 619 1115 Graungiae
641 1061 692 1103 de
713 1062 911 1102 MURTON
932 1076 1030 1103 cum
1052 1063 1140 1104 Esr
1161 1064 1419 1108 HARLESAY.

215 1145 272 1185 Et
304 1144 355 1185 de
390 1144 469 1184 xiii
485 1144 526 1185 li.
566 1159 594 1184 X
607 1158 638 1186 s.
678 1144 730 1185 de
762 1144 883 1185 firma
917 1145 1131 1199 graungiae
1166 1146 1338 1196 ibidem,
1360 1161 1459 1188 cum
1489 1147 1666 1190 diversis

158 1202 313 1243 clausis
330 1202 477 1255 pascui
495 1207 536 1242 et
553 1207 737 1256 pasturae
752 1202 893 1243 eidem
906 1203 1232 1256 pertinentibus,
1250 1204 1310 1244 sic
1328 1205 1514 1246 dimissae
1527 1207 1665 1247 Priori

157 1260 209 1300 de
231 1260 382 1300 Monte
405 1259 567 1301 Graciae
597 1274 673 1313 per
701 1260 986 1309 indenturam,
1008 1265 1057 1301 ut
1078 1261 1246 1311 dicitur,
1267 1267 1310 1302 et
1331 1276 1430 1303 cuni
1450 1263 1498 1303 iii
1515 1277 1546 1304 s.
1567 1264 1612 1304 iv
1624 1264 1664 1307 d.

157 1331 232 1371 per
254 1331 416 1358 annum
437 1318 488 1358 de
518 1317 688 1358 redditu
718 1317 903 1359 resoluto
934 1318 1100 1359 Ballivo
1121 1319 1301 1359 Domini
1321 1320 1448 1374 Regis
1470 1321 1523 1362 de
1545 1322 1667 1363 Brid-

157 1376 288 1424 forde‚
319 1376 372 1416 ad
403 1375 716 1429 wapentagium
751 1389 888 1424 suum,
918 1376 973 1416 ad
1002 1376 1162 1417 festum
1195 1377 1234 1419 S.
1268 1377 1497 1419 Michaelis
1528 1379 1666 1421 Arch-

157 1434 298 1488 angeli
318 1437 488 1474 tantum
503 1449 512 1484 ;
543 1437 586 1473 et
606 1433 658 1473 de
680 1433 787 1473 xviii
800 1433 839 1476 d.
865 1433 916 1474 de
937 1433 1070 1475 libero
1091 1435 1261 1475 redditu
1283 1450 1419 1489 nuper
1440 1436 1571 1478 soluti
1592 1452 1667 1491 per

157 1505 292 1544 nuper
313 1492 503 1532 Priorem
523 1495 566 1531 et
587 1491 858 1531 Conventum
878 1505 1015 1545 nuper
1036 1492 1252 1533 Prioratus
1275 1493 1326 1534 de
1347 1494 1499 1535 Monte
1521 1495 1667 1545 Gracc,

157 1554 339 1590 exeunte
361 1549 412 1590 de
434 1548 546 1589 scitu
567 1548 672 1589 dicti
692 1563 829 1602 nuper
848 1549 1115 1599 Monasterii‚
1136 1564 1211 1604 per
1230 1565 1404 1600 annum,
1426 1552 1565 1594 soluto
1588 1557 1665 1595 etc.

1041 1608 1218 1649 Summa
1238 1609 1316 1649 xiii
1332 1609 1374 1650 li.
1397 1610 1442 1650 xi
1458 1623 1487 1651 s.
1506 1611 1550 1651 vi
1567 1611 1604 1652 d.

635 1705 862 1760 Graungiae
883 1705 935 1747 de
955 1706 1191 1748 ANGRAME.

211 1789 268 1829 Et
303 1788 355 1829 de
390 1788 435 1828 vi
450 1788 493 1829 li.
519 1787 570 1829 de
605 1788 727 1829 firma
761 1789 977 1842 graungiae
1012 1795 1173 1831 vocatae
1204 1790 1420 1845 Angrame
1462 1793 1662 1848 Graunge

155 1880 164 1890 .
198 1880 206 1889 .
239 1879 248 1889 .
282 1846 433 1887 solutis
465 1846 519 1886 ad
549 1847 752 1887 terminos
784 1847 1098 1887 Purificationis
1131 1881 1139 1889 .
1170 1880 1178 1888 .
1210 1881 1218 1888 .
1252 1854 1295 1889 et
1327 1849 1364 1890 S.
1398 1850 1514 1891 Petri
1547 1852 1660 1905 quod

153 1905 312 1946 dicitur
341 1905 395 1945 ad
415 1904 612 1952 Vincula,
634 1904 864 1958 aequaliter,
890 1905 951 1946 sic
982 1904 1167 1946 dimissae
1200 1906 1473 1949 Christoffero
1510 1909 1659 1951 Bowes

152 1977 228 2017 per
248 1962 534 2011 indenturam,
556 1966 604 2002 ut
624 1962 793 2003 dicitur.
1228 1964 1404 2005 Summa
1424 1967 1559 2007 xxxvi
1575 1980 1606 2009 s.

212 2053 488 2094 HESLERTON.
551 2053 607 2093 Et
623 2053 675 2094 de
692 2053 826 2093 xxxvi
844 2067 872 2095 s.
892 2053 943 2094 de
963 2053 1135 2095 redditu
1155 2055 1283 2096 unius
1305 2059 1542 2098 tenementi
1572 2091 1580 2100 .
1612 2091 1621 2100 .
1653 2091 1661 2100 .

153 2111 291 2152 soluto
314 2111 366 2151 ad
401 2111 607 2151 terminos
641 2111 954 2152 Purificationis
988 2117 1065 2153 etc.
1096 2112 1143 2152 in
1177 2117 1330 2154 tenura
1361 2115 1663 2158 Bartholomaei

153 2169 352 2222 Thweng.
1226 2171 1402 2213 Summa
1423 2174 1558 2215 xxxvi
1572 2188 1602 2216 s.

213 2261 257 2315 [f.
282 2259 325 2316 3]
344 2261 507 2303 CAMPE.
539 2261 595 2301 Et
611 2260 663 2301 de
681 2260 809 2302 lxivs.
827 2261 872 2302 iv
881 2261 917 2302 d.
937 2261 988 2302 de
1004 2261 1176 2303 redditu
1191 2264 1319 2305 unius
1333 2266 1570 2306 tenementi
1590 2299 1598 2308 .
1621 2300 1629 2309 .
1653 2300 1661 2309 .

152 2319 291 2361 soluto
313 2319 366 2360 ad
387 2318 590 2360 terminos
618 2319 842 2372 praedictos
876 2352 885 2361 .
917 2352 925 2360 .
959 2351 968 2362 .
1001 2320 1187 2361 dimissae
1208 2321 1325 2363 Will.
1348 2322 1552 2364 Atterton
1582 2327 1659 2367 etc.

1140 2379 1315 2420 Summa
1335 2380 1429 2421 xlix
1446 2395 1476 2422 s.
1499 2381 1544 2422 iv
1558 2382 1596 2424 d.

210 2477 494 2517 TWYLLYNGE.
556 2477 613 2517 Et
634 2476 685 2517 de
701 2476 806 2517 xxvi
820 2490 848 2518 s.
871 2476 949 2517 viii
962 2476 1000 2518 d.
1023 2477 1074 2519 de
1089 2477 1259 2520 redditu
1280 2480 1409 2521 unius
1424 2483 1660 2523 benemeriti

192 2567 199 2575 .
233 2568 241 2576 .
273 2534 319 2574 in
340 2538 492 2575 tenura
514 2534 689 2576 Roberti
712 2535 1014 2589 Heppyngton.
1097 2536 1272 2578 Summa
1292 2539 1397 2579 xxvi
1413 2552 1444 2580 s.
1468 2539 1545 2579 viii
1563 2539 1600 2582 d.

210 2626 426 2666 RIGHTON.
488 2625 544 2666 Et
579 2625 632 2666 de
668 2626 791 2666 xxxii
809 2640 838 2667 s.
862 2626 915 2668 de
950 2627 1121 2669 redditu
1141 2628 1269 2669 unius
1301 2630 1536 2671 tenementi
1566 2663 1574 2672 .
1606 2663 1615 2672 .
1648 2664 1656 2672 .

150 2685 196 2725 in
217 2688 368 2725 tenura
388 2683 598 2724 Willelmi
619 2684 648 2725 J
652 2684 848 2738 ordayne.
1233 2687 1409 2728 Summa
1431 2688 1553 2729 xxxii
1568 2702 1599 2730 s.

209 2775 475 2816 LEBERSTON.
537 2775 592 2816 Et
614 2775 664 2817 de
686 2775 732 2816 xl
749 2789 780 2817 s,
812 2776 863 2817 de
885 2776 1055 2818 redditu
1076 2777 1204 2819 unius
1234 2779 1470 2820 tenementi
1500 2783 1543 2821 et
1564 2784 1657 2822 octo

150 2832 399 2874 bovatarum
421 2839 542 2874 terrae
573 2866 582 2875 .
612 2865 621 2875 .
654 2867 661 2875 .
693 2834 739 2874 in
761 2839 912 2875 tenura
933 2835 1106 2876 Roberti
1128 2836 1347 2936 Lawson.S
1547 2895 1560 2936 l

1352 2908 1495 2936 umma
1516 2910 1542 2936 x
1574 2910 1604 2938 s.
