2033 3242
317 253 396 292 182
748 260 1061 292 CARTULARIUM
1082 260 1389 291 RIEVALLENSE.

313 370 356 408 et
386 379 461 420 per
480 366 668 421 aliquem
698 366 943 408 saecularem
973 364 1174 413 excolere,
1203 364 1265 405 ita
1294 369 1344 406 ut
1374 365 1520 406 nullus
1551 365 1732 406 fratrum
1759 363 1821 404 ibi

312 424 488 474 habitet,
510 438 588 466 nec
602 423 617 448 1
641 425 815 479 grangia
834 424 895 464 ibi
925 423 1009 463 fiat.
1070 422 1289 463 Animalia
1310 422 1464 477 aliquis
1487 422 1712 472 saecularis,
1728 421 1821 476 ipse

312 481 389 536 qui
418 486 574 523 terram
603 482 802 530 tenuerit,
831 481 893 522 ibi
922 493 1095 534 pascere
1125 480 1548 533 poteritdsecundum
1582 480 1820 535 legitimam

314 539 640 581 aestimationem
680 543 803 580 terrae
833 538 968 592 ipsius
1002 536 1145 593 [15212]
1182 537 1236 578 ad
1266 538 1490 579 arbitrium
1530 538 1821 593 legitimorum

312 597 546 647 hominum,
568 597 637 638 vel
657 597 886 645 Abbatum,
906 609 982 649 per
1011 609 1117 649 quos
1148 595 1341 649 querelae,
1368 595 1405 637 si
1435 610 1530 650 quae
1560 595 1823 643 emerserint,

311 655 666 696 terminabuntur.
713 655 767 695 In
784 667 868 708 quo
884 653 1012 694 verbo
1028 654 1226 694 Fratrum
1242 652 1294 694 de
1311 653 1657 708 Semplingaham
1672 652 1824 694 melior

312 717 378 753 est
412 712 613 762 conditio,
648 712 749 766 quia
790 711 1143 753 Cisterciensibus
1178 710 1322 752 taliter
1356 711 1520 766 aliquid
1556 717 1700 753 tenere
1734 724 1821 751 non

310 770 422 812 licet.
485 769 595 819 Quia
615 783 716 811 vero
737 769 986 823 Capitulum
1009 768 1204 810 Cistercii
1223 772 1433 810 remotum
1454 774 1531 819 est,
1544 773 1586 810 et
1606 772 1820 810 statutum

312 831 377 868 est
397 831 446 868 ut
467 841 491 868 a
514 827 713 881 Capitulo
742 828 836 881 ipso
866 830 952 868 tres
984 826 1306 868 constituuntur
1326 827 1518 868 Abbates
1540 827 1614 881 qui
1635 826 1819 880 plenam,

310 885 563 926 auctoritate
585 885 771 934 Ordinis,
791 885 979 926 habeant
998 887 1264 938 potestatem,
1285 898 1383 925 cum
1405 884 1606 926 fratribus
1627 885 1679 926 de
1701 884 1819 925 Sem-

310 942 532 997 plingham
553 943 690 984 tribus
711 943 786 997 qui
807 942 984 984 sanioris
1001 946 1127 983 erunt
1143 942 1324 991 consilii,
1339 942 1600 983 terminandi
1615 941 1819 996 querelas,

310 1000 347 1041 si
369 1014 464 1054 quae
485 1001 734 1042 emerserint
753 1000 867 1042 inter
887 1014 970 1051 eos,
991 1013 1070 1041 nec
1097 999 1245 1041 licebit
1275 1000 1412 1041 cuivis
1443 1014 1590 1041 eorum
1615 1000 1669 1040 ad
1689 999 1819 1040 aliam

310 1059 572 1099 audientiam
603 1072 775 1100 eausam
806 1058 968 1099 deferre
999 1058 1132 1098 donec
1161 1071 1350 1111 personae
1380 1058 1434 1098 ad
1464 1057 1554 1098 haec
1589 1057 1819 1111 designatae

309 1116 588 1158 convenerint
609 1117 741 1158 semel
762 1121 805 1158 et
826 1117 994 1164 iterum,
1015 1121 1058 1156 et
1079 1115 1131 1156 de
1153 1116 1439 1156 controversia
1458 1115 1728 1156 terminanda
1747 1114 1819 1155 vel

308 1174 613 1228 compositione
629 1175 699 1216 vel
715 1174 878 1228 judicio
894 1173 1192 1214 laboraverint.
1251 1173 1464 1214 Ecclesiae
1480 1173 1594 1214 infra
1614 1172 1818 1214 terminos

309 1232 522 1286 suscipere
567 1246 654 1273 non
695 1232 1038 1286 prohibebuntur
1076 1232 1226 1272 fratres
1262 1231 1314 1272 de
1351 1230 1684 1285 Semplingham‚
1725 1230 1817 1271 sine

306 1290 482 1344 grangia
501 1289 571 1331 vel
597 1290 808 1342 bercaria;
837 1289 983 1330 domos
1013 1292 1159 1330 tamen
1190 1289 1243 1330 ad
1271 1289 1537 1330 mansionem
1558 1288 1819 1337 clericorum,

307 1351 350 1388 et
379 1347 600 1402 grangiam
630 1348 683 1389 ad
714 1348 900 1389 decimas
922 1347 991 1388 vel
1022 1360 1204 1388 messem
1229 1346 1282 1388 de
1310 1350 1420 1387 terra
1445 1347 1646 1388 Ecclesiae
1670 1359 1817 1400 repon-

307 1405 473 1455 endam,
494 1410 537 1446 et
566 1405 768 1446 animalia.
798 1405 936 1446 eidem
965 1410 1088 1445 terrae
1119 1418 1313 1459 congrua,
1343 1405 1456 1445 infra
1482 1404 1632 1446 villam
1662 1404 1817 1445 habere

306 1462 464 1504 licebit.
540 1464 632 1505 Nec
662 1463 934 1518 grangiarum
965 1463 1227 1504 constructio
1257 1462 1474 1516 prohibita
1504 1467 1569 1504 est
1598 1462 1674 1503 ubi
1705 1474 1816 1515 aqua

307 1521 479 1574 grandis
509 1521 734 1575 interjacet
765 1522 875 1562 circa
899 1520 1005 1561 fines
1030 1520 1138 1568 illos,
1161 1534 1238 1561 nec
1269 1520 1377 1561 vado
1409 1534 1487 1561 nec
1517 1524 1648 1574 ponte
1679 1524 1816 1560 trans-

307 1578 511 1620 meabilis.
603 1579 864 1632 Ubicunque
912 1577 1103 1619 Ecclesia
1163 1592 1248 1618 una
1298 1578 1517 1618 usuarium
1577 1581 1697 1619 tenet
1746 1577 1816 1618 vel

306 1641 504 1689 pasturae,
524 1637 636 1690 prati
655 1637 725 1678 vel
745 1636 942 1685 nemoris,
962 1636 1052 1677 sive
1074 1636 1120 1675 in
1147 1640 1413 1689 perpetuum,
1434 1636 1524 1676 sive
1547 1635 1601 1676 ad
1631 1640 1813 1689 tempus,

306 1693 439 1735 altera
459 1694 661 1744 Ecclesia,
682 1708 761 1736 nec
782 1708 857 1748 per
887 1707 943 1743 se,
964 1707 1041 1734 nec
1071 1707 1146 1747 per
1176 1693 1363 1747 aliquem
1394 1707 1630 1747 personam,
1651 1692 1815 1746 aliquid

306 1750 429 1807 [153]
452 1752 513 1793 ibi
533 1752 734 1806 deinceps
757 1752 838 1793 sibi
865 1751 1068 1805 acquiret,
1088 1765 1167 1792 nec
1192 1765 1262 1792 eos
1287 1751 1362 1804 qui
1388 1756 1538 1792 tenent
1566 1751 1668 1791 dum
1690 1755 1814 1792 tenu-

306 1810 429 1859 erint,
451 1810 547 1851 dolo
568 1810 710 1864 aliquo
727 1810 796 1851 vel
817 1814 963 1864 aperta
979 1809 1250 1863 oppressione
1266 1809 1471 1862 gravabit.
1534 1808 1741 1849 Similiter
1761 1808 1813 1849 de

305 1868 429 1909 terris
464 1881 569 1922 quas
605 1869 659 1909 ad
694 1868 860 1908 firmam
900 1866 1176 1920 temporalem
1211 1871 1372 1915 tenent,
1407 1867 1510 1907 dum
1547 1880 1617 1907 eas
1653 1869 1813 1914 tenent,

307 1925 427 1966 nullo
458 1926 583 1967 modo
615 1926 668 1967 ab
699 1926 796 1966 aliis
827 1924 982 1966 exinde
1011 1925 1314 1978 gravabuntur,
1337 1938 1414 1965 nec
1445 1924 1619 1965 interim
1641 1937 1812 1977 quoquo

305 1983 430 2024 modo
451 1983 517 2024 illi
538 1984 621 2025 sibi
641 1997 711 2025 eas
733 1983 948 2037 acquirere
970 1983 1247 2023 conabuntur.
1310 1982 1552 2023 Servientes
1582 1995 1813 2023 mercenar-

305 2041 367 2081 ios
388 2041 554 2082 Domus
574 2042 703 2082 unius
726 2041 899 2083 Ordinis
913 2041 1078 2081 Domus
1094 2040 1269 2080 alterius
1288 2040 1471 2088 Ordinis,
1493 2039 1626 2081 donec
1642 2044 1812 2093 tempus

306 2112 432 2139 suum
463 2099 743 2153 expleverint,
764 2113 850 2140 non
881 2098 1068 2139 attrahet
1098 2098 1192 2147 sibi,
1222 2111 1360 2151 neque
1391 2097 1579 2151 recipiet.
1640 2097 1685 2138 Si
1715 2096 1812 2150 quis

305 2157 486 2197 fratrum
507 2157 587 2198 hoc
607 2157 937 2211 praesumpserit,
957 2156 1004 2196 in
1034 2169 1110 2196 suo
1141 2155 1338 2209 Capitulo
1369 2155 1604 2209 regularem
1634 2154 1814 2208 recipiat

306 2214 590 2267 disciplinam,
623 2219 665 2256 et
702 2215 755 2256 ad
793 2213 1042 2268 Capitulum
1075 2213 1251 2254 alterius
1286 2213 1487 2254 Ecclesiae
1522 2213 1720 2253 mittatur
1751 2212 1813 2253 ibi

307 2285 476 2325 quoque
508 2272 692 2314 similem
727 2286 899 2326 poenam
935 2272 1163 2312 subiturus.
1237 2271 1529 2312 Mercenarius
1565 2275 1709 2311 autem
1750 2270 1811 2311 sic

304 2333 498 2383 receptus
520 2330 639 2370 nullo
660 2331 785 2370 modo
806 2331 1050 2371 retineatur.
1116 2329 1162 2370 Si
1183 2329 1305 2382 pueri
1330 2342 1354 2369 a
1375 2328 1624 2382 parentibus
1655 2327 1813 2368 redditi

304 2400 330 2427 a
349 2387 552 2428 fratribus
573 2388 626 2428 de
647 2388 967 2441 Semplingham
988 2387 1147 2428 fuerint
1178 2386 1359 2435 educati,
1380 2386 1449 2427 vel
1480 2386 1615 2440 aliqui
1634 2386 1812 2426 forsitan

304 2444 501 2486 similiter
521 2459 546 2486 a
568 2445 935 2495 Cisterciensibus,
956 2459 1054 2486 cum
1075 2444 1327 2492 adoluerint,
1344 2444 1436 2485 sine
1458 2458 1603 2484 eorum
1624 2456 1812 2492 assensu,

304 2502 489 2556 recipere
521 2516 591 2543 eos
622 2503 716 2543 aliis
749 2503 920 2556 penitus
951 2516 1037 2543 non
1068 2502 1223 2543 licebit.
1285 2502 1404 2542 Dum
1435 2501 1579 2555 aliqua
1609 2501 1812 2549 Ecclesia,

304 2560 373 2600 vel
394 2565 645 2601 mercatores
667 2561 758 2614 ejus
779 2561 955 2614 aliquid,
976 2560 1066 2601 sive
1091 2559 1247 2600 mobile
1272 2559 1361 2600 sive
1381 2559 1613 2607 immobile,
1634 2558 1810 2599 mercari

304 2617 522 2671 coeperint,
551 2618 683 2658 donec
719 2618 973 2667 destiterint,
1004 2631 1100 2671 pars
1131 2617 1214 2658 alia
1245 2630 1335 2658 sese
1366 2616 1519 2657 exinde
1551 2630 1634 2657 non
1677 2616 1810 2656 intro—

303 2675 456 2716 mittet.
533 2676 652 2716 Tunc
688 2680 832 2716 autem
868 2690 953 2716 non
990 2675 1274 2728 imputabitur
1309 2674 1444 2714 teneri
1478 2674 1571 2727 ipsa
1608 2673 1809 2714 mercatio

302 2746 400 2773 cum
421 2734 512 2774 sine
533 2734 714 2774 termino
736 2733 891 2786 aliquo,
912 2732 981 2773 vel
1003 2733 1198 2780 induciis,
1220 2746 1244 2772 a
1264 2732 1483 2772 venditore
1506 2731 1807 2772 discessissent.

303 2790 492 2844 Singulis
527 2791 649 2832 annis
686 2790 817 2831 semel
852 2790 1092 2844 plenarium
1128 2790 1313 2830 officium
1350 2794 1392 2829 et
1426 2788 1666 2843 generalem
1701 2802 1808 2829 com-

302 2848 651 2890 memorationem
673 2848 972 2889 defunctorum
994 2861 1178 2896 suorum,
1199 2861 1297 2888 cum
1318 2847 1566 2900 parentibus
1592 2850 1634 2887 et
1656 2845 1808 2886 famili-

985 2920 995 2940 ¹
1020 2921 1111 2952 Non.
