2033 3242
300 228 381 266 258
736 234 1051 264 CARTULARIUM
1073 233 1382 264 RIEVALLENSE.

299 345 506 395 tanquam
536 339 780 381 Decanatui
812 339 1102 393 dampnosam,
1133 338 1320 379 rescindi
1349 342 1392 379 et
1422 337 1641 386 infirmari,
1673 341 1716 378 et
1755 337 1821 377 in-

300 398 559 453 dempnitati
590 397 780 439 ecclesiae
811 410 899 437 suae
930 396 982 437 de
1013 396 1243 450 Pikeringe
1283 396 1508 450 provideri.
1571 396 1824 436 Procurator

300 470 400 498 vero
423 456 604 497 Abbatis
626 459 669 497 et
690 455 938 496 Conventus
960 453 1181 507 Ryevallis
1204 468 1225 495 6
1248 458 1406 504 contra,
1427 468 1503 508 per
1532 452 1824 495 ieconventio-

300 528 398 555 nem
429 515 603 578 petebat
634 513 794 554 dictam
826 512 1178 566 compositionem
1219 516 1426 566 tanquam
1461 512 1711 567 legitimam,
1747 524 1823 565 pro

299 572 411 613 bono
432 571 548 626 pacis
569 571 734 619 initam,
757 573 800 610 et
822 570 874 611 de
905 583 1115 611 consensu
1137 570 1331 624 Capituli
1361 570 1485 612 Ebor.
1508 571 1757 618 confectam,
1780 574 1823 610 et

299 630 552 671 auctoritate
592 627 918 682 Archiepiscopi
952 628 1205 677 roboratam,
1247 632 1291 669 et
1330 641 1406 682 per
1445 628 1612 682 judices
1654 641 1679 668 a
1717 626 1824 668 Sede

300 687 552 742 Apostolica
582 686 798 739 delegatos
831 685 1137 736 confirmatam,
1164 699 1239 740 per
1259 686 1519 727 sententiam
1550 685 1825 726 diffinitivam

300 745 489 787 roborari
530 749 573 785 61
603 744 793 785 validam
828 744 1110 798 pronuntiari,
1141 748 1484 798 memoratosque
1523 744 1741 785 Abbatem
1783 746 1826 784 et

302 804 574 845 Conventum
606 816 630 843 a
661 802 870 856 petitione
902 801 1008 843 dicti
1038 803 1072 842 F
1077 802 1279 857 [ulconis]
1313 803 1479 843 Decani
1510 801 1825 843 sententialiter

300 861 476 910 absolvi,
497 874 739 914 proponens
761 860 920 901 dictam
952 861 1305 914 compositionem
1335 860 1580 901 Decanatui
1604 860 1716 914 [131³]
1739 873 1827 900 non

299 933 391 961 esse
408 919 687 973 dampnosam
709 922 773 959 set
789 918 1063 960 fructuosam.
1123 918 1309 959 Dicebat
1330 918 1445 959 enim
1465 918 1753 971 possessiones
1774 917 1828 958 (16

301 977 457 1031 quibus
482 977 740 1030 petebantur
761 976 937 1017 decimae
957 977 1125 1018 Abbate
1147 980 1190 1017 et
1212 977 1438 1017 Conventu
1460 976 1653 1029 Ryevall.
1676 975 1826 1029 adqui-

302 1036 407 1076 sitas
424 1035 556 1076 fuisse
577 1039 676 1075 ante
699 1034 908 1075 Generale
932 1035 1175 1076 Concilium
1198 1034 1444 1075 Innocentii
1461 1035 1589 1087 Papae
1609 1047 1685 1087 per
1706 1047 1827 1074 sexa—

301 1094 421 1148 ginta
438 1106 571 1134 annos
594 1097 637 1134 61
657 1092 855 1146 amplius,
877 1096 920 1134 et
936 1107 1011 1146 per
1027 1093 1198 1134 eosdem
1213 1092 1445 1133 monachos
1463 1092 1515 1133 de
1534 1092 1681 1132 Wasto
1699 1091 1827 1146 Regis

302 1152 356 1192 ad
373 1151 586 1192 culturam
607 1154 824 1200 retractas,
846 1151 958 1192 sicut
978 1164 1053 1204 per
1074 1155 1235 1192 cartam
1255 1151 1377 1191 bonae
1398 1150 1613 1191 memoriae
1635 1149 1827 1198 Henrici,

301 1209 519 1263 quondam
539 1209 667 1263 Regis
687 1209 866 1262 Angliae,
887 1209 1021 1263 patris
1045 1209 1171 1264 Regis
1205 1209 1386 1258 Ricardi,
1410 1212 1452 1249 et
1483 1207 1828 1249 confirmationes

302 1268 592 1308 Romanorum
624 1267 892 1316 Pontificum,
916 1267 1038 1308 Lucii
1069 1272 1112 1308 et
1144 1267 1321 1317 Urbani,
1343 1267 1389 1307 in
1415 1266 1579 1320 judicio
1602 1265 1828 1314 exhibitas,

302 1325 468 1379 liquido
491 1325 732 1379 apparebat,
749 1325 864 1366 unde
886 1324 976 1381 [de]
999 1325 1126 1366 dictis
1148 1325 1271 1367 terris
1293 1325 1434 1365 nullas
1457 1325 1643 1366 decimas
1666 1323 1831 1364 solvere

302 1383 525 1424 debebant.
587 1383 644 1423 Et
684 1383 744 1424 sic
777 1384 989 1424 asserebat
1025 1384 1222 1424 Decanos
1258 1384 1383 1424 Ebor.
1421 1383 1473 1424 de
1513 1383 1633 1423 lucro
1674 1381 1830 1422 habere

304 1440 511 1495 quicquid
547 1454 600 1482 ex
641 1441 757 1481 dicta
790 1441 1098 1494 compositione
1138 1441 1412 1495 recipiebant.
1487 1440 1658 1494 Adjecit
1700 1440 1830 1481 etiam

303 1499 509 1553 praefatus
544 1503 792 1553 procurator
822 1499 1003 1540 Abbatis
1034 1504 1078 1540 et
1110 1499 1360 1540 Conventus
1392 1499 1580 1540 decimas
1617 1498 1670 1539 (16
1705 1497 1830 1538 161116

304 1557 550 1598 memoratis
572 1557 871 1611 provenientes
893 1571 980 1597 non
1002 1571 1094 1598 esse
1114 1561 1248 1599 tantae
1269 1557 1578 1606 aestimationis,
1601 1559 1661 1605 ut,
1682 1555 1785 1597 licet
1806 1569 1831 1596 a

304 1616 531 1656 Decanatu
562 1615 792 1656 subtractae
823 1619 975 1664 essent,
998 1629 1095 1656 cum
1123 1620 1268 1657 tamen
1288 1616 1427 1669 portio
1456 1616 1702 1656 Decanatus
1724 1627 1831 1654 nun-

305 1686 435 1727 quam
476 1673 617 1722 suerit,
659 1673 745 1714 dici
781 1673 934 1714 debeat
974 1674 1158 1714 enormis
1208 1674 1325 1714 laesio
1365 1674 1625 1722 Decanatus,
1666 1672 1830 1713 ratione

307 1730 422 1784 quod
444 1744 542 1771 cum
573 1731 668 1771 istis
700 1731 867 1772 duabus
897 1731 1065 1781 marcis,
1087 1736 1131 1773 et
1151 1731 1248 1772 aliis
1281 1731 1484 1785 quinque,
1508 1734 1610 1772 sunt
1640 1730 1702 1770 vii
1723 1743 1830 1784 quas

307 1789 434 1830 debet
473 1788 622 1829 Abbas
664 1789 872 1830 Rievallis
906 1789 1110 1831 Decano:
1163 1789 1246 1831 Sed
1286 1789 1478 1830 redditus
1519 1789 1551 1829 ii
1593 1801 1832 1829 marcarum

308 1846 500 1888 nondum
537 1851 602 1888 est
636 1846 890 1901 assignatus,
924 1847 1039 1888 unde
1072 1847 1308 1902 petendum
1340 1852 1405 1888 est
1436 1847 1489 1887 ab
1527 1860 1575 1887 eo
1611 1846 1727 1900 quod
1757 1845 1833 1886 fiat

308 1905 550 1959 assignatio.
632 1905 863 1959 Proposuit
911 1905 1043 1946 etiam
1083 1906 1198 1947 idem
1241 1910 1491 1959 procurator
1532 1904 1750 1945 Abbatem
1790 1908 1834 1945 et

311 1963 441 2004 ConV.
474 1962 692 2012 Rievallis,
713 1964 766 2004 ob
797 1963 963 2004 firmam
993 1977 1143 2018 pacem
1174 1967 1217 2004 et
1247 1963 1436 2017 quietem
1467 1964 1633 2003 Domus
1665 1975 1763 2011 suae,
1792 1965 1837 2003 et

310 2021 515 2061 honorem
564 2021 688 2062 Ebor.
739 2021 955 2071 Ecclesiae,
997 2021 1109 2062 velle
1150 2021 1331 2075 adjicere
1382 2021 1599 2062 redditum
1650 2020 1832 2061 duarum

312 2092 549 2119 marcarum
570 2079 887 2133 imperpetuum
918 2080 1161 2121 Decanatui
1183 2080 1320 2129 Ebor.‚
1341 2093 1395 2120 ne
1427 2079 1584 2133 aliquis
1606 2077 1833 2132 scrupulus

313 2137 498 2177 enormis
533 2136 721 2178 laesionis
756 2138 873 2191 apud
905 2142 1095 2192 posteros
1137 2138 1189 2179 de
1222 2142 1374 2179 caetero
1415 2141 1644 2186 remaneat,
1680 2141 1723 2177 et
1753 2136 1834 2177 hoc

314 2193 697 2250 sup[p]lementum
747 2195 873 2249 plene
924 2195 1115 2237 sufficere
1165 2196 1441 2250 proponebat,
1494 2194 1608 2249 quod
1659 2193 1833 2248 quidem

313 2256 560 2306 procurator
580 2253 714 2308 partis
735 2253 924 2294 adversae
945 2268 1031 2295 non
1052 2254 1339 2296 deficiebatur.
1401 2253 1500 2294 Hiis
1522 2253 1653 2307 igitur
1674 2255 1717 2293 et
1737 2251 1833 2292 aliis

314 2311 359 2350 in
396 2309 492 2363 jure
532 2311 761 2364 propositis
801 2311 973 2365 plenius
1013 2312 1256 2361 intellectis,
1290 2316 1332 2353 et
1368 2316 1639 2365 procuratore
1670 2309 1835 2351 Decani

314 2368 488 2408 omnino
523 2368 746 2410 deficiente
781 2369 827 2409 in
859 2370 1110 2423 probatione
1142 2370 1328 2411 enormis
1359 2369 1544 2410 laesionis
1585 2368 1833 2409 Decanatus

315 2425 437 2466 Ebor.
460 2430 674 2479 praetextu
700 2428 1020 2481 compositionis
1051 2428 1383 2481 praenominatae,
1403 2431 1675 2481 procuratore
1705 2426 1836 2467 etiam

314 2483 499 2524 Abbatis
530 2487 573 2524 61
605 2484 852 2526 Conventus
884 2485 1101 2535 Rievallis‚
1133 2486 1250 2527 omni
1281 2485 1534 2539 probationi,
1564 2483 1836 2538 productioni

313 2541 502 2591 testium,
531 2540 916 2583 instrumentorum
947 2520 1127 2584 ulterius
1154 2543 1534 2598 pr²,oducend01um
1565 2541 1840 2583 renuntiante

314 2603 356 2640 et
386 2599 598 2640 instanter
639 2600 883 2652 postulante
924 2615 1062 2642 causae
1093 2601 1417 2651 conclusionem,
1450 2615 1539 2650 nos,
1569 2601 1712 2641 Deum
1752 2612 1839 2653 prae

313 2656 448 2697 oculis
484 2656 700 2706 habentes,
737 2663 780 2699 et
815 2659 1128 2700 communicato
1169 2659 1378 2700 bonorum
1419 2659 1607 2699 virorum
1647 2671 1696 2698 ac
1726 2656 1836 2711 juris

313 2714 545 2767 peritorum
585 2715 773 2764 consilio,
806 2716 940 2757 nichil
970 2721 1127 2758 16111616
1168 2718 1213 2757 111
1244 2716 1542 2771 praejudicium
1574 2715 1694 2757 Sedis
1725 2715 1838 2768 Apo-

313 2771 484 2822 stolicae,
506 2786 581 2813 seu
612 2773 931 2826 compositionis
956 2775 1155 2828 praefatae,
1176 2775 1364 2829 provide,
1396 2774 1500 2815 satis
1532 2778 1574 2815 et
1607 2772 1837 2814 sufficienti

313 2829 437 2871 modo
468 2830 683 2881 confectae,
713 2830 906 2872 volentes
938 2837 1205 2887 attemptare,
1235 2832 1452 2873 Abbatem
1483 2836 1526 2873 et
1562 2831 1836 2873 Conventum

314 2887 532 2938 Rievallis,
554 2888 808 2931 auctoritate
838 2889 1091 2944 Apostolica
1121 2890 1243 2932 nobis
1276 2890 1514 2940 commissa,
1534 2903 1559 2930 a
1590 2887 1834 2942 supradicta
