2033 3242
337 233 355 269 l
365 231 386 270 7
393 232 416 269 8
767 239 877 269 CART
883 238 1081 269 ULARIUM
1102 238 1407 268 RIEVALLENSE.

334 344 521 386 habeant
566 357 644 385 nec
692 343 1036 385 Bellelandenses
1082 355 1209 396 super
1242 342 1381 395 ripam
1414 342 1507 383 Riae
1547 355 1694 383 versus
1735 341 1834 382 Rie-

335 403 504 452 vallem,
525 416 604 443 nec
625 401 916 443 Rievallenses
937 414 1064 454 super
1094 400 1223 440 aliam
1252 400 1390 453 ripam
1414 400 1505 441 Riae
1526 413 1672 441 versus
1695 399 1833 453 Begh-

335 460 520 501 landam.
601 461 810 500 Praeterea
858 464 969 499 terra
1008 458 1121 499 inter
1160 457 1422 511 Eskbergam
1461 462 1504 499 et
1544 459 1682 507 Riam,
1722 457 1836 498 sicut

336 519 545 559 fossatum
566 517 740 558 illorum
759 517 880 557 vadit
907 516 1059 557 subtus
1089 515 1387 569 Eskabergam,
1407 516 1643 556 remanebit
1673 514 1836 556 Domui

338 575 601 617 Rievallensi
630 575 742 615 sicut
771 574 818 614 in
847 579 964 614 carta
994 573 1047 614 de
1078 573 1328 614 Bellelanda
1356 573 1528 622 habent,
1563 577 1607 614 et
1637 573 1836 614 similiter

338 633 699 686 Oswaldesengas.
781 632 911 672 Porro
952 631 1103 672 domus
1144 644 1275 685 quam
1324 630 1642 672 aedificaverunt
1681 631 1834 671 fratres

340 690 601 732 Bellelandae
650 689 766 743 apud
814 689 1082 743 Depedalam
1098 688 1113 713 ¹
1158 688 1395 729 remanebit
1441 689 1501 730 eis
1543 689 1697 742 quiete,
1737 702 1837 729 cum

337 748 538 789 omnibus
571 760 667 801 quae
698 747 859 788 habent
890 746 960 787 vel
995 746 1217 800 adquirere
1248 749 1450 800 poterunt
1480 747 1528 787 in
1563 746 1629 788 his
1661 746 1838 787 villis—

340 806 429 847 scil.
459 805 506 845 in
538 805 802 859 Grisethorp;
833 804 1157 858 Hwallisgrava,
1181 804 1363 853 Semara,
1385 804 1534 845 Iretun
1561 809 1605 845 et
1631 805 1679 845 in
1708 804 1838 852 Etun,

337 863 531 916 exceptis
572 863 704 916 pratis
736 863 928 916 ejusdem
957 862 1221 903 villae—scil.
1255 862 1399 913 Etun;
1434 862 1487 903 de
1517 862 1673 915 quibus
1703 860 1840 902 nichil

340 921 563 962 habebunt
605 921 689 961 nisi
728 934 804 975 per
844 921 1114 961 voluntatem
1149 919 1456 960 monachorum
1489 919 1836 961 Rievallensium.

342 979 397 1019 In
432 979 585 1019 Hotun
617 979 759 1026 etiam,
792 982 834 1019 et
864 978 965 1019 inde
996 991 1131 1032 usque
1162 978 1216 1018 ad
1243 977 1394 1018 villam
1425 977 1478 1018 de
1508 978 1721 1026 Bruntun,
1742 990 1839 1018 con-

341 1037 548 1078 stitutum
579 1040 644 1077 est
673 1036 978 1077 nichilominus
999 1040 1050 1076 ut
1077 1034 1406 1091 de[149]inceps
1427 1035 1574 1076 Abbas
1595 1035 1665 1076 vel
1685 1034 1840 1088 aliquis

342 1095 474 1136 frater
494 1094 623 1135 unius
648 1095 815 1135 Domus
845 1094 988 1135 locum
1020 1093 1075 1134 ad
1105 1092 1403 1134 aedificandum
1433 1106 1520 1133 non
1551 1093 1728 1146 recipiat
1757 1092 1842 1133 nisi

342 1153 462 1206 prius
483 1152 657 1193 alterius
679 1153 845 1193 Domus
869 1152 1032 1193 Abbati
1062 1155 1105 1193 et
1136 1151 1363 1192 Oellerario
1393 1150 1523 1192 fuerit
1553 1155 1772 1192 ostensum
1792 1153 1842 1190 ut

341 1210 562 1251 communi
597 1209 934 1251 consideratione
977 1210 1033 1251 ad
1072 1223 1222 1263 pacem
1271 1209 1495 1262 utriusque
1545 1209 1711 1249 Domus
1752 1207 1844 1249 fieri

343 1269 490 1322 possit.
569 1268 787 1308 Animalia
825 1268 1010 1321 grangiae
1050 1267 1102 1308 de
1145 1265 1270 1308 Grif2
1309 1267 1531 1308 habebunt
1569 1279 1727 1320 pascua
1766 1279 1844 1306 sua

343 1327 456 1366 infra
471 1339 622 1367 nemus
635 1330 806 1366 tantum
821 1326 1036 1366 Scaltunae
1052 1339 1076 1366 a
1098 1324 1358 1366 Brunesdale
1371 1338 1518 1366 versus
1540 1324 1842 1378 Sproxtunam.

344 1383 579 1438 Reliquum
617 1397 717 1424 vero
758 1383 996 1425 Scaletunae
1035 1383 1081 1423 in
1131 1383 1259 1437 plano
1309 1387 1353 1423 et
1401 1382 1559 1424 boscho
1607 1381 1845 1423 remanebit

345 1441 753 1482 Bellelandensibus.
827 1441 980 1482 Divisa
1010 1445 1154 1482 autem
1185 1441 1298 1481 inter
1326 1441 1547 1494 grangiam
1580 1440 1632 1481 de
1672 1439 1843 1481 Hestel-

346 1499 484 1540 scaith
517 1503 561 1540 et
589 1499 808 1553 grangiam
840 1499 893 1540 de
925 1499 1171 1552 Beghlande
1206 1498 1298 1539 haec
1331 1498 1557 1548 est—scil„
1591 1512 1616 1539 a
1647 1498 1771 1552 spina
1803 1501 1847 1538 et

347 1557 490 1611 lapide
511 1570 607 1610 quae
628 1562 730 1598 sunt
751 1570 877 1610 super
896 1556 1129 1598 Askeledic
1164 1569 1240 1610 per
1269 1559 1405 1597 metas
1428 1559 1611 1597 statutas
1635 1569 1770 1610 usque
1791 1555 1845 1596 ad

347 1615 463 1655 viam
484 1614 536 1656 de
565 1615 777 1664 Bolthebi,
799 1618 841 1656 et
871 1628 896 1655 a
926 1615 997 1655 via
1027 1614 1079 1655 de
1110 1614 1312 1654 Bolthebi
1338 1618 1453 1654 recta
1482 1614 1596 1654 linea
1626 1627 1762 1668 usque
1792 1612 1847 1653 ad

346 1672 592 1727 proximum
622 1677 752 1726 caput
781 1671 950 1721 caucae,3
974 1676 1018 1713 et
1053 1672 1106 1712 ab
1138 1671 1213 1712 illo
1246 1671 1385 1725 capite
1417 1685 1558 1712 caucae
1590 1685 1665 1725 per
1698 1671 1847 1712 cilium

348 1730 508 1771 montis
549 1735 592 1771 et
631 1735 767 1771 metas
795 1735 839 1771 et
869 1731 1029 1771 divisas
1060 1743 1165 1784 quas
1196 1729 1395 1770 monachi
1426 1730 1648 1783 utriusque
1679 1729 1847 1769 Domus

349 1788 758 1842 perambulaverunt
787 1793 831 1829 et
861 1793 1106 1829 statuerunt
1136 1801 1272 1841 usque
1303 1787 1356 1828 ad
1387 1787 1547 1828 divisas
1568 1789 1680 1827 inter
1709 1786 1846 1840 Begh-

350 1846 523 1887 landam
544 1850 587 1887 et
608 1847 780 1896 Kerebi,
801 1850 844 1887 et
875 1846 988 1887 ultra
1018 1849 1231 1899 quantum
1262 1859 1306 1886 se
1338 1845 1533 1886 extendit
1562 1849 1676 1885 terra
1705 1844 1848 1885 Adam

351 1904 431 1944 filii
463 1904 625 1945 Odonis
657 1904 737 1945 sub
768 1903 866 1945 cilio
897 1904 1067 1945 montis.
1142 1904 1299 1944 Pecora
1328 1916 1428 1943 vero
1459 1902 1511 1943 de
1542 1902 1849 1950 Hestelscaith,

351 1967 441 2002 tam
471 1962 675 2002 animalia
706 1976 836 2016 quam
866 1975 977 2011 oves,
1009 1975 1233 2015 nunquam
1263 1961 1488 2001 intrabunt
1522 1974 1680 2014 pascua
1710 1960 1850 2014 Begh—

351 2019 503 2069 landae,
535 2033 613 2061 nec
653 2033 806 2074 pecora
845 2020 1105 2074 Beghlandae
1144 2018 1313 2072 uspiam
1344 2019 1569 2059 intrabunt
1608 2031 1765 2072 pascua
1798 2018 1851 2059 de

354 2077 646 2118 Hestelscaith
668 2079 721 2118 ab
742 2078 948 2119 Askeldic
964 2091 1099 2132 usque
1120 2076 1174 2118 ad
1190 2080 1324 2118 metas
1347 2090 1452 2130 quas
1474 2080 1720 2117 statuerunt
1739 2076 1851 2116 inter

355 2148 410 2176 se.
472 2135 551 2176 Est
570 2135 724 2189 regalis
747 2136 816 2176 via
837 2136 977 2176 divisa
997 2136 1111 2176 inter
1139 2148 1219 2176 eos.
1281 2135 1338 2175 Et
1358 2148 1382 2174 a
1413 2138 1528 2175 meta
1558 2134 1699 2188 posita
1724 2134 1852 2187 juxta

354 2193 647 2234 Hestelscaith
669 2207 804 2247 usque
832 2194 885 2234 ad
906 2195 1115 2235 fossatum
1146 2191 1259 2246 quod
1285 2192 1442 2232 dividit
1472 2196 1605 2233 terras
1636 2192 1850 2233 Herdenae

352 2255 398 2291 et
419 2250 529 2292 Dale
559 2250 948 2306 exten[l49b]dunt
978 2252 1127 2292 divisae
1158 2264 1305 2292 eorum
1335 2263 1410 2304 per
1439 2254 1574 2291 metas
1606 2263 1711 2304 quas
1740 2249 1853 2290 inter

398 2388 410 2408 1
434 2389 519 2422 This
555 2390 585 2421 is
622 2390 683 2422 the
723 2390 897 2432 Deepdale
928 2392 965 2423 in
1006 2392 1067 2424 the

353 2432 494 2474 Cayton
510 2433 661 2472 district,
675 2433 745 2465 and
756 2438 819 2466 not
834 2434 914 2467 that
929 2446 1013 2467 near
1029 2438 1067 2467 to

356 2476 541 2508 Rievaulx.
603 2476 664 2508 All
696 2477 756 2508 the
786 2477 903 2519 places
940 2478 1066 2510 named

356 2518 596 2561 immediately
622 2519 715 2551 after
741 2531 800 2552 are
826 2521 862 2552 in
888 2521 948 2553 the
973 2532 1067 2553 same

356 2566 437 2604 part
474 2562 510 2594 of
553 2564 614 2594 the
656 2564 931 2605 country—viz.‚
971 2565 1066 2597 Gris-

356 2606 472 2648 thorp,
516 2606 713 2648 Falsgrave,
761 2607 912 2646 Seamer,
954 2608 1064 2647 Irton,

357 2649 426 2681 and
456 2650 726 2690 Ayton—West
755 2651 889 2692 Ayton,
916 2662 954 2683 as
984 2652 1014 2684 it
1037 2651 1067 2683 is

352 2692 453 2724 often
469 2692 591 2725 called.

400 2751 412 2770 2
436 2752 521 2784 This
538 2751 567 2784 is
583 2751 727 2784 written
743 2753 784 2784 de
806 2752 892 2793 G'rcjf
900 2754 1063 2795 yranqiae.

399 2819 413 2839 ³
436 2820 548 2851 There
578 2830 642 2852 can
668 2819 711 2852 be
740 2819 806 2852 but
832 2820 927 2852 little
958 2821 1070 2854 doubt

358 2863 437 2895 that
460 2863 532 2895 this
559 2863 588 2895 is
616 2863 789 2904 correctly
811 2864 944 2906 copied.
995 2865 1069 2897 The

356 2905 434 2937 first
457 2906 542 2938 time
566 2907 626 2938 the
650 2907 745 2939 word
762 2917 881 2939 occurs
904 2908 934 2939 it
956 2909 1070 2950 might

1143 2390 1186 2422 be
1202 2389 1353 2421 misread
1384 2400 1508 2428 cauee;
1541 2389 1607 2421 but
1637 2389 1698 2421 the
1728 2388 1855 2421 second

1144 2434 1229 2465 time
1252 2434 1282 2465 it
1304 2433 1333 2464 is
1356 2433 1492 2474 plainly
1512 2443 1621 2465 cauce.
1669 2431 1743 2464 The
1765 2432 1855 2465 form

1144 2477 1173 2508 is
1196 2476 1232 2508 of
1258 2477 1414 2515 interest,
1442 2487 1462 2508 a
1486 2487 1580 2508 more
1604 2476 1767 2517 frequent
1790 2486 1855 2507 one

1144 2519 1248 2562 being
1284 2519 1411 2551 calcem
1448 2529 1487 2551 or
1529 2520 1699 2551 calcetum.
1770 2518 1855 2550 This

1144 2563 1252 2594 latter
1266 2562 1356 2594 form
1372 2563 1401 2594 is
1416 2573 1538 2594 nearer
1555 2563 1616 2594 the
1634 2562 1735 2594 “low
1751 2561 1855 2594 Latin

1144 2606 1302 2645 calciata,
1335 2605 1435 2637 short
1464 2606 1518 2637 for
1553 2606 1699 2638 calciata
1735 2606 1802 2644 via,
1835 2616 1856 2636 a

1144 2660 1337 2690 causeway‚
1357 2649 1447 2681 from
1469 2649 1625 2687 calciare,
1650 2655 1687 2680 to
1709 2648 1813 2679 make
1835 2659 1856 2679 a

1145 2692 1231 2725 road
1246 2692 1334 2724 with
1349 2691 1442 2731 lime,
1462 2702 1501 2724 or
1523 2692 1643 2724 rather
1658 2691 1745 2723 with
1767 2701 1855 2723 mor-

1145 2738 1202 2767 tar
1218 2735 1420 2777 containing
1442 2735 1525 2767 lime
1536 2735 1555 2749 ”
1572 2735 1723 2774 (Skeat's
1739 2734 1851 2775 Etym.

1146 2779 1265 2818 Dim).
1331 2779 1404 2810 The
1434 2779 1525 2810 form
1563 2780 1678 2817 cawse',
1719 2787 1853 2815 cawsee,

1145 2832 1266 2853 occurs
1281 2822 1318 2853 in
1334 2821 1521 2853 Barbour’s
1537 2821 1659 2853 Bruce.
1708 2820 1782 2852 The
1799 2820 1857 2852 old

1146 2865 1284 2938 Flrench
1305 2865 1394 2897 form
1410 2865 1440 2897 is
1465 2866 1586 2904 cancie,
1606 2863 1697 2897 mod.
1721 2864 1854 2896 French

1146 2919 1161 2940 C
1175 2918 1311 2941 zaussee.
