2033 3242
386 257 468 294 400
820 260 1134 292 GARTULAmUM
1157 258 1462 289 RIEVALLENSE.

385 367 597 406 duodecim
617 380 726 404 acras
747 366 854 416 prati
874 378 962 403 cum
987 362 1244 414 pertinenciis
1264 362 1306 400 in
1335 362 1473 401 eadem
1493 363 1740 410 villa—scil,
1763 362 1901 401 decem

385 435 494 461 acras
515 428 555 460 et
575 420 783 459 dimidiam
807 420 912 457 inter
931 418 1132 457 Tervinne
1153 422 1194 455 et
1214 416 1476 467 Hunteresty‚
1500 424 1540 455 et
1560 431 1680 455 unam
1700 430 1831 455 acram
1861 421 1902 455 et

386 476 593 514 dimidiam
620 475 727 512 inter
756 479 881 511 metas
910 471 1037 524 lapid[
1057 503 1064 510 .
1089 502 1096 510 .
1122 501 1130 508 .
1153 470 1168 523 ]
1189 476 1230 508 et
1250 470 1448 520 Tervinne
1467 486 1474 509 ε
1504 470 1565 509 De
1585 471 1691 510 dono
1707 470 1902 509 Willelmi

386 529 564 568 Britonis
584 533 666 566 tres
686 528 851 566 bovatas
871 531 988 565 terrae
1008 527 1049 564 in
1070 525 1272 563 territorio
1291 524 1341 562 de
1357 524 1617 564 Crancemore
1638 539 1736 576 quas
1757 524 1903 563 Nicho-

384 584 471 622 laus
492 584 541 622 de
562 581 761 621 Stutevile
781 581 816 619 ei
837 581 951 619 dedit
970 593 1041 630 pro
1062 579 1248 630 homagio
1268 583 1310 616 et
1329 579 1495 617 servicio
1517 592 1599 627 suo,
1622 593 1711 617 cum
1731 579 1837 617 tofto
1861 582 1902 617 et

386 639 514 677 crofto
534 643 575 676 et
595 650 684 675 cum
705 635 890 673 omnibus
910 634 1182 685 pertinenciis,
1203 632 1457 671 libertatibus
1473 638 1512 671 et
1532 633 1775 671 aisiamentis
1796 632 1900 671 suis:

386 692 448 730 De
468 692 575 730 dono
603 689 783 740 ejusdem
804 688 995 726 Willelmi
1025 692 1151 726 totam
1173 686 1380 738 piscariam
1409 686 1458 724 de
1479 686 1761 736 Thormodeby
1780 700 1902 737 quam

387 746 485 785 emit
518 745 568 783 de
603 744 779 782 Henrico
817 742 1051 781 Falconario
1089 754 1178 792 quae
1214 741 1444 778 nominatur
1477 740 1770 790 Hyarlesholm‚
1811 754 1902 778 cum

388 800 572 839 omnibus
592 797 850 848 pertinenciis
870 803 911 834 et
929 796 1185 835 libertatibus
1206 795 1299 842 suis,
1321 800 1362 832 et
1381 794 1488 832 viam
1507 794 1628 832 eundi
1648 800 1688 833 et
1708 794 1901 833 redeundi

388 854 439 892 ad
467 853 587 900 illam,
611 857 652 890 et
680 856 808 890 totam
837 851 966 902 ripam
994 863 1106 900 aquae
1136 849 1186 887 ad
1207 849 1329 886 situm
1358 848 1539 898 ejusdem
1560 849 1735 898 piscariae
1765 863 1787 887 a
1814 848 1902 886 rivo

387 908 437 946 de
458 906 658 945 Hikedale
678 905 729 944 ad
758 905 1054 956 longitudinem
1083 903 1264 954 ejusdem
1294 902 1471 949 culturae,
1495 908 1535 940 et
1556 916 1691 940 omnes
1711 902 1807 940 alias
1828 902 1903 953 pis-

388 962 511 1001 carias
532 966 572 999 et
592 960 831 1011 piscationes
853 959 1099 1009 pertinentes
1128 957 1178 995 ad
1199 962 1348 995 terrain
1366 956 1491 1007 ipsius
1507 956 1699 994 Willelmi
1719 957 1760 994 in
1781 956 1904 994 Thor-

387 1016 572 1065 modeby,
603 1028 693 1052 cum
724 1014 909 1052 omnibus
942 1012 1196 1051 libertatibus
1226 1016 1268 1049 et
1296 1010 1541 1048 aisiamentis
1574 1010 1692 1048 dictis
1726 1010 1905 1061 piscariis

387 1076 428 1108 et
459 1069 744 1120 piscationibus
773 1067 1080 1118 pertinentibus,
1116 1071 1169 1110 et,
1200 1070 1403 1115 praeterea,
1437 1064 1606 1115 capitale
1635 1064 1903 1114 messuagium

387 1124 511 1175 ipsius
532 1122 737 1165 Willelmi,
759 1127 926 1172 excepto
956 1121 1084 1159 crofto
1113 1119 1320 1169 adjacente
1347 1132 1484 1157 versus
1513 1132 1657 1168 aquam
1687 1124 1727 1156 et
1753 1117 1902 1156 molen-

388 1178 483 1216 dino
513 1190 584 1215 suo
614 1175 699 1229 [de]
729 1175 989 1222 Chewaleres,
1027 1179 1067 1213 et
1099 1187 1225 1211 unum
1259 1173 1450 1211 selionem
1483 1172 1532 1210 de
1567 1172 1694 1210 crofto
1724 1171 1904 1222 ejusdem

393 1231 579 1270 Willelmi
609 1229 934 1281 propinquiorem
963 1229 1114 1267 fossato
1143 1227 1250 1278 quod
1282 1233 1343 1265 est
1370 1226 1476 1264 inter
1504 1227 1636 1277 ipsum
1655 1226 1905 1264 Willelmum

389 1291 428 1325 et
445 1286 649 1324 Simonem
682 1284 732 1322 de
762 1283 870 1331 VVer,
903 1297 992 1322 cum
1023 1283 1089 1320 via
1117 1281 1166 1320 de
1197 1281 1383 1319 domibus
1412 1281 1591 1331 ipsorum
1619 1280 1906 1318 monachorum

389 1353 515 1390 usque
544 1339 595 1377 ad
616 1352 770 1389 aquam,
794 1343 835 1375 et
854 1351 976 1375 unam
996 1337 1183 1375 bovatam
1205 1340 1321 1373 terrae
1341 1335 1383 1372 in
1404 1335 1543 1373 eadem
1562 1335 1666 1382 villa,
1691 1348 1781 1372 cum
1801 1334 1905 1373 tofto

389 1399 430 1433 et
464 1393 551 1431 aliis
585 1392 853 1443 pertinenciis,
889 1405 1010 1441 quam
1044 1389 1261 1429 Gaufridus
1295 1389 1531 1439 Pelliperius
1566 1389 1697 1427 tenuit
1735 1388 1785 1427 de
1817 1388 1905 1439 ipso

390 1448 604 1494 Willelmo,
628 1452 668 1485 et
699 1446 739 1484 in
769 1445 953 1484 orientali
983 1458 1121 1495 campo
1153 1443 1334 1494 ejusdem
1354 1443 1458 1481 villae
1488 1443 1699 1481 duodecim
1725 1456 1835 1481 acras
1866 1446 1906 1481 et

390 1516 511 1540 unam
539 1500 677 1539 rodam
707 1506 824 1538 terrae
853 1499 1024 1546 arabilis,
1056 1512 1145 1536 cum
1175 1497 1360 1535 omnibus
1395 1497 1651 1547 pertinenciis
1687 1497 1768 1534 suis
1801 1496 1906 1534 infra

390 1556 528 1595 villam
548 1560 589 1593 et
609 1560 733 1601 extra,
758 1560 797 1592 et
826 1567 947 1591 unam
971 1566 1101 1591 acram
1123 1552 1227 1602 prati
1258 1557 1299 1590 et
1318 1551 1527 1589 dimidiam
1557 1556 1597 1589 et
1617 1564 1737 1588 unam
1766 1550 1905 1588 rodam

391 1624 441 1649 ex
476 1609 613 1648 eadem
642 1613 756 1659 parte
785 1608 925 1658 campi,
961 1613 1002 1645 et
1032 1606 1181 1644 toftum
1212 1619 1330 1655 quem
1359 1605 1513 1643 Alanus
1543 1605 1673 1654 Tuscy
1703 1604 1906 1654 quondam

392 1664 524 1703 tenuit
543 1664 583 1701 in
606 1662 745 1701 eadem
760 1661 867 1708 villa,
891 1666 930 1699 et
950 1661 990 1698 in
1013 1659 1247 1699 occidentali
1268 1673 1406 1709 campo
1427 1659 1607 1709 ejusdem
1626 1659 1733 1696 villae
1753 1664 1906 1709 septem

392 1732 500 1756 acras
520 1723 561 1755 et
580 1730 702 1754 unam
731 1716 870 1754 rodam
890 1721 1006 1753 terrae
1036 1714 1207 1760 arabilis,
1229 1727 1318 1752 cum
1339 1714 1522 1751 omnibus
1544 1713 1799 1763 pertinenciis
1825 1712 1907 1750 suis

393 1773 498 1810 infra
526 1771 663 1809 villam
693 1775 733 1808 et
762 1777 887 1816 extra,
921 1775 961 1807 et
991 1782 1040 1807 ex
1069 1768 1208 1806 eadem
1237 1773 1352 1817 parte
1381 1767 1509 1816 campi
1539 1766 1746 1804 dimidiam
1776 1779 1906 1804 acram

392 1826 498 1877 prati
528 1830 569 1863 et
594 1825 744 1863 toftum
765 1837 884 1874 quam
905 1823 1105 1861 Robertus
1134 1821 1183 1860 de
1203 1821 1230 1859 ,J
1234 1835 1345 1859 arum
1365 1822 1497 1858 tenuit
1525 1820 1575 1858 de
1595 1821 1681 1870 ipso
1702 1820 1906 1858 Willelmo

393 1882 435 1918 in
456 1880 594 1918 eadem
615 1879 712 1916 villa
730 1894 736 1916 :
766 1878 828 1916 De
848 1878 954 1916 dono
974 1876 1159 1914 Nicholai
1179 1875 1358 1913 Britonis
1383 1874 1492 1912 illam
1514 1875 1699 1912 bovatam
1729 1879 1845 1912 terrae
1864 1874 1907 1911 in

394 1933 690 1984 Thormodeby,
711 1946 800 1970 cum
828 1932 933 1970 tofto
963 1936 1004 1968 et
1033 1930 1160 1968 crofto
1196 1929 1269 1981 [et]
1300 1942 1388 1966 cum
1422 1928 1607 1966 omnibus
1639 1927 1905 1978 pertinenciis,

393 1988 645 2027 libertatibus
665 1992 705 2025 et
725 1985 970 2024 aisiamentis
990 1984 1119 2023 eidem
1139 1989 1255 2021 terrae
1275 1982 1579 2033 pertinentibus,
1594 1983 1699 2019 infra
1713 1982 1850 2019 villam
1867 1987 1908 2020 et

396 2049 519 2089 extra,
543 2055 663 2092 quam
683 2040 919 2085 Willelmus‚
943 2045 1057 2090 pater
1085 2038 1208 2088 ipsius
1238 2036 1433 2084 Nicholai‚
1468 2035 1600 2087 [emit]
1630 2036 1679 2074 de
1703 2035 1907 2074 willelmo

394 2096 692 2135 Maleshoveres
713 2100 753 2133 et
773 2094 904 2141 Iteria,
927 2106 1051 2131 uxore
1073 2093 1169 2143 ejus,
1193 2096 1233 2129 et
1252 2091 1384 2128 tenuit
1404 2090 1452 2128 de
1473 2090 1610 2128 Priore
1632 2097 1672 2128 et
1693 2090 1906 2128 Conventu

393 2151 443 2189 de
464 2149 727 2199 Gyseburghe
747 2165 754 2188 :
783 2148 844 2186 De
865 2148 971 2186 dono
984 2146 1153 2184 Walteri
1173 2145 1222 2183 de
1244 2145 1467 2194 Steynesby
1488 2144 1586 2181 duas
1605 2144 1771 2182 bovatas
1791 2148 1907 2182 terrae

394 2205 435 2242 in
465 2203 665 2242 territorio
696 2203 745 2241 de
765 2201 1058 2250 Thormodeby‚
1081 2213 1178 2250 quas
1200 2199 1403 2237 Walterus
1423 2198 1660 2248 Pelliparius
1690 2198 1738 2236 de
1768 2197 1906 2236 eadem

394 2258 490 2296 villa
522 2257 724 2307 quondam
758 2256 807 2294 de
845 2260 957 2306 patre
996 2255 1120 2304 ipsius
1150 2253 1321 2291 Walteri
1359 2258 1399 2290 et
1437 2252 1694 2303 postmodum
1734 2251 1783 2290 de
1820 2252 1907 2302 ipso

395 2312 577 2350 XValtero
607 2311 748 2357 tenuit,
772 2323 861 2348 cum
891 2311 995 2347 tofto
1025 2314 1065 2346 et
1090 2307 1228 2354 crofto,
1252 2312 1292 2345 et
1321 2320 1411 2344 cum
1440 2306 1624 2344 omnibus
1645 2306 1732 2343 aliis
1762 2305 1908 2356 pertin—

396 2366 528 2412 enciis,
560 2365 811 2403 libertatibus
841 2369 882 2401 et
910 2362 1154 2401 aisiamentis
1184 2361 1264 2399 suis
1297 2360 1427 2398 eidem
1455 2365 1571 2397 terrae
1599 2359 1906 2409 pertinentibus,

395 2420 501 2459 infra
529 2419 666 2457 villam
695 2423 736 2456 et
770 2423 895 2464 extra,
931 2417 1034 2454 sicut
1067 2422 1184 2454 cartae
1218 2414 1500 2465 praedictorum
1539 2413 1778 2451 donatorum
1809 2425 1907 2464 quas

396 2473 576 2525 praedicti
597 2471 785 2510 Monachi
804 2471 897 2509 inde
917 2470 1067 2508 habent
1085 2468 1377 2507 rationabiliter
1397 2473 1620 2505 testantur:
1651 2468 1780 2515 Quare
1800 2466 1909 2505 volu—

395 2541 482 2567 mus
512 2532 553 2565 et
581 2526 748 2564 firmiter
777 2525 1038 2575 praecipimus,
1060 2537 1132 2574 pro
1162 2523 1277 2561 nobis
1303 2528 1344 2560 et
1373 2521 1596 2559 haeredibus
1621 2521 1779 2569 nostris,
1801 2519 1907 2571 quod

396 2580 577 2633 praedicti
606 2579 794 2617 Monachi
815 2584 855 2616 et
884 2592 1021 2616 eorum
1051 2590 1292 2615 successores
1321 2576 1494 2614 habeant
1523 2580 1563 2613 et
1588 2580 1753 2613 teneant
1772 2586 1908 2613 omnes

397 2643 522 2676 terras
543 2639 584 2672 et
603 2638 832 2671 tenementa
860 2632 1049 2682 praedicta
1077 2631 1199 2669 libere
1228 2635 1269 2668 et
1297 2630 1441 2680 quiete,
1466 2635 1538 2667 etc.
1598 2628 1688 2666 Hiis
1708 2629 1752 2667 T.
1785 2628 1908 2666 Hum-

396 2689 502 2729 frido
515 2688 563 2726 de
577 2687 732 2734 Bohun‚
742 2686 898 2724 Comite
914 2685 1160 2723 Herefordiae
1174 2689 1214 2722 et
1227 2683 1400 2721 Essexiae
1409 2698 1418 2731 3
1434 2682 1636 2720 Willelmo
1649 2682 1905 2728 deWalence,

398 2750 438 2784 et
450 2741 648 2782 Gaufrido
661 2741 710 2779 de
726 2740 912 2785 Lezinan‚
923 2740 1112 2777 fratribus
1125 2738 1272 2776 nostris
1282 2753 1291 2785 3
1312 2737 1339 2775 J
1342 2737 1498 2775 ohanne
1515 2736 1680 2784 Mansel,
1691 2735 1909 2786 Praeposito

397 2796 620 2842 Beverlaci3
640 2792 1078 2845 MagistroW[illelm0]
1095 2793 1144 2830 de
1159 2790 1682 2842 Kylkenni,Archidiacono
1696 2789 1882 2828 Coventr.
1900 2802 1910 2835 3

398 2852 579 2891 Gilberto
610 2849 659 2887 de
689 2848 884 2898 Segrave3
915 2847 1109 2885 Nicholao
1136 2846 1184 2883 de
1214 2845 1359 2893 Turri;
1388 2845 1564 2882 Roberto
1594 2844 1643 2882 de
1672 2844 1909 2893 Mucegros3

398 2906 573 2944 Roberto
595 2901 811 2941 Walerand
822 2916 831 2949 3
861 2901 1057 2939 Nicholao
1078 2900 1126 2938 de
1147 2899 1186 2938 S.
1209 2899 1353 2937 Mauro
1370 2913 1381 2946 3
1409 2897 1702 2936 Bartholomaeo
1731 2896 1883 2935 Pecche
1900 2909 1909 2943 ;
