2033 3242
347 252 428 290 266

785 258 1098 289 CARTULARIUM
1120 258 1424 289 RIEVALLENSE.

346 364 456 419 [MS.
478 365 503 406 f.
530 367 551 407 7
556 365 591 419 a]
977 363 1232 403 KARLETON.

344 448 396 488 D.
419 448 444 489 i.

345 564 396 604 D.
419 563 521 603 xiiii.

345 1069 397 1109 D.
421 1068 445 1109 i.

347 1185 398 1226 D.
421 1184 462 1225 ii.

351 1505 445 1562 [⁷2]

351 1590 410 1630 M.
434 1589 458 1629 i.

352 1705 411 1745 M.
435 1704 477 1745 ii.

353 1763 413 1803 M.
436 1776 473 1804 V.

352 1936 413 1976 M.
436 1936 490 1976 vi.

353 1993 413 2034 M.
436 1993 507 2034 vii.

354 2109 414 2149 M.
437 2109 525 2149 viii.

356 2167 416 2208 M.
439 2166 495 2207 ix.

595 447 722 488 Carta
757 446 970 487 <Iohannis
1004 446 1056 486 (16
1092 445 1338 501 Langeberg
1373 446 1425 487 de
1458 446 1636 487 dimidia
1667 450 1864 488 carucata

656 509 776 545 terrae
797 504 844 543 in
865 503 1085 544 Karleton.

597 562 874 603 Confirmatio
912 561 1119 614 Stephani
1154 560 1234 600 filii
1269 561 1447 602 Roberti
1485 560 1575 617 [de]
1617 561 1776 603 Menill
1811 561 1865 602 de

655 619 834 660 dimidia
855 622 1073 660 carrucata
1095 624 1217 659 terrae
1237 619 1283 659 in
1306 619 1452 660 eadem
1476 620 1590 661 villa.

1016 710 1208 750 FOXTON.

601 784 728 826 Carta
748 783 962 824 Willelmi
983 783 1036 824 de
1058 783 1173 836 Grey
1195 784 1247 824 de
1269 787 1359 824 toto
1381 784 1570 825 manerio
1592 785 1645 826 de
1666 786 1843 827 Foxton.

601 842 878 884 Confirmatio
899 841 1113 882 Willelmi
1133 841 1213 881 filii
1233 841 1416 883 Walteri
1447 842 1500 883 de
1531 843 1665 898 Percy
1686 844 1739 885 de
1771 841 1867 882 Kil-

657 900 752 941 dale
774 900 826 941 de
847 899 1038 940 manerio
1060 899 1112 940 de
1133 899 1311 940 FOXton.

938 993 1273 1033 RAYTHESDALE.

602 1067 899 1122 Cyrograffum
933 1067 1148 1107 Willelmi
1180 1067 1233 1108 de
1271 1067 1386 1121 Grey
1422 1073 1464 1108 et
1504 1067 1688 1122 Agnetis
1723 1069 1869 1109 uxoris

657 1126 747 1179 ejus
770 1125 822 1166 de
844 1125 1161 1178 Raythesdalle.

603 1184 759 1233 Quieta
790 1183 989 1224 clamatio
1026 1183 1204 1223 Roberti
1234 1182 1287 1223 de
1320 1182 1620 1224 Scutherskelf
1646 1183 1698 1224 de
1731 1183 1869 1225 Parva

658 1241 957 1294 Raythesdale.

600 1299 897 1353 Cyrograffum
936 1299 1049 1339 inter
1089 1312 1165 1339 nos
1207 1303 1250 1339 et
1298 1299 1531 1353 Symonem
1572 1299 1623 1340 de
1664 1299 1776 1340 Vere
1818 1300 1871 1341 de

656 1357 845 1397 manerio
868 1357 919 1397 de
941 1356 1241 1409 Rayffloesdale,
1263 1361 1306 1398 et
1326 1357 1379 1398 de
1400 1357 1578 1398 diversis
1609 1357 1808 1411 pasturis,
1829 1361 1872 1399 et

657 1415 830 1456 redditu
851 1414 896 1454 Xi
917 1414 1158 1454 solidorum.

577 1506 829 1554 anmon,
852 1506 1065 1553 TESDALE‚
1087 1505 1406 1554 Wrzsrnamm,
1429 1506 1648 1546 PisoARIA.

605 1589 733 1630 Carta
765 1588 974 1628 Bernardi
1005 1588 1161 1628 Bailiol
1183 1588 1233 1628 de
1264 1589 1462 1629 omnibus
1484 1602 1579 1642 quae
1600 1588 1720 1630 dedit
1750 1588 1875 1630 nobis

659 1646 706 1686 in
726 1645 903 1687 Tesdale
925 1649 968 1686 et
989 1646 1265 1687 Westerdale.

610 1704 737 1745 Carta
759 1703 949 1757 ejusdem
971 1703 1023 1744 de
1039 1703 1054 1727 1
1075 1703 1256 1757 piscaria
1277 1704 1330 1744 (16
1351 1704 1558 1744 Neusum.

606 1762 734 1803 Carta
765 1761 989 1802 Eustachii
1021 1760 1072 1801 de
1114 1761 1270 1802 Bailiol
1306 1761 1562 1802 confirmans
1599 1761 1873 1802 donationem

663 1819 883 1868 Bernardi‚
919 1823 963 1860 et
995 1819 1047 1859 de
1083 1819 1232 1860 multis
1274 1819 1370 1860 aliis
1406 1819 1576 1868 additis,
1617 1819 1695 1860 viZ.
1734 1819 1785 1860 de
1822 1833 1874 1860 Xc

663 1878 854 1931 equabus
877 1880 919 1918 et
939 1877 1018 1917 viii
1040 1875 1331 1932 stalon[ibus].

607 1935 884 1976 Confirmatio
906 1935 1098 1988 ejusdem
1121 1935 1171 1975 de
1193 1934 1424 1975 Thesedale
1446 1938 1488 1975 et
1507 1933 1784 1975 westerdale.

605 1994 733 2035 Carta
764 1993 957 2047 ejusdem
988 1993 1242 2033 confirmans
1274 1992 1549 2033 donationem
1580 1992 1790 2033 Guidonis
1822 1991 1875 2033 de

663 2051 924 2091 Bovincourt
946 2050 998 2091 de
1018 2050 1294 2099 Westerdale,
1316 2054 1359 2091 et
1381 2050 1432 2091 de
1453 2050 1485 2090 ii
1505 2050 1672 2090 bovatis
1693 2056 1827 2091 terrae.

607 2109 735 2150 Carta
757 2109 947 2161 ejusdem
969 2108 1021 2148 de
1041 2108 1119 2148 viii
1140 2108 1307 2149 bovatis
1327 2112 1449 2148 terrae
1469 2108 1516 2148 in
1536 2108 1580 2148 N
1583 2121 1745 2149 eusum.

607 2167 733 2208 Carta
764 2166 962 2220 Hugonis
994 2166 1046 2207 de
1078 2166 1252 2206 Bailliol
1274 2166 1326 2207 de
1348 2172 1417 2206 vXX
1445 2166 1636 2219 equabus
1668 2179 1766 2206 cum
1797 2165 1875 2206 viii

665 2224 914 2273 stalonibus‚
936 2227 978 2264 et
1003 2237 1025 2264 c
1057 2224 1221 2273 ovibus,
1244 2238 1302 2264 XX
1323 2224 1475 2272 vaccis,
1496 2224 1635 2264 tribus
1666 2223 1802 2264 tauris
1834 2226 1878 2264 et

666 2296 723 2322 XV
744 2282 850 2322 acris
872 2285 1007 2330 terrae,
1027 2295 1103 2335 per
1123 2281 1367 2335 particulas,
1389 2281 1434 2321 in
1456 2280 1675 2322 Thesdale.

361 2339 421 2380 M.
444 2339 562 2381 xviii.
616 2339 743 2381 Carta
776 2339 961 2380 Gilberti
992 2339 1195 2380 Hansard
1227 2339 1278 2380 de
1309 2339 1490 2393 piscaria
1511 2338 1563 2379 de
1594 2339 1731 2379 Thesa
1762 2337 1877 2392 apud

360 2513 418 2553 M.
444 2527 511 2553 XX.

666 2397 914 2446 Wirkesal,2
935 2401 978 2438 et
998 2397 1043 2437 vi
1071 2398 1177 2438 acris
1208 2400 1331 2438 terrae
1362 2410 1489 2450 super
1518 2397 1657 2450 ripam
1687 2396 1878 2450 ejusdem

667 2469 801 2508 aquae,
823 2459 866 2496 et
888 2455 939 2495 de
960 2455 1065 2495 villa
1086 2455 1138 2496 de
1159 2453 1386 2508 Angrumf’»

612 2512 889 2554 Confirmatio
911 2513 1130 2553 Edmundi
1147 2513 1198 2553 de
1219 2513 1356 2566 Lascy
1373 2511 1425 2553 de
1442 2512 1671 2552 donatione
1693 2510 1880 2552 Gilberti

668 2570 881 2618 Hansard,
913 2570 1014 2619 scil.,
1045 2570 1096 2611 de
1126 2570 1308 2624 piscaria
1339 2574 1382 2610 et
1412 2584 1439 2610 v
1461 2570 1568 2610 acris
1599 2574 1722 2610 terrae
1753 2581 1883 2622 super

669 2628 807 2682 ripam
829 2628 880 2668 (16
901 2628 1048 2682 Teysa.

360 2685 420 2726 M.
445 2699 569 2726 XXXV.
609 2684 825 2738 Scriptum
847 2685 875 2726 J
879 2685 1059 2726 ohannis
1081 2685 1132 2726 de
1154 2685 1475 2739 Lythegraynes
1496 2684 1549 2725 de
1580 2684 1782 2732 Neusom,
1803 2696 1880 2737 pro

406 2873 414 2892 ¹
440 2873 493 2905 In.

671 2743 866 2796 homagio
898 2747 941 2783 et
971 2743 1145 2784 servitio
1182 2756 1270 2791 suo,
1307 2742 1539 2783 Reddendo
1581 2741 1703 2783 nobis
1735 2755 1816 2782 xcv
1847 2754 1876 2781 s.

671 2801 894 2841 annuatim
911 2816 918 2841 :
950 2806 993 2842 et
1014 2806 1132 2841 tenet
1153 2801 1206 2841 ad
1227 2800 1341 2841 feodi
1362 2800 1540 2840 firmam.

1206 2872 1220 2892 ³
1243 2872 1464 2915 Apparently
1477 2872 1620 2904 written
1633 2871 1782 2904 Aurum.
1812 2870 1884 2902 But

404 2917 417 2935 2
441 2916 597 2948 XVritten
623 2916 661 2949 W
660 2916 794 2949 rikesal.
1164 2917 1320 2959 Augram
1338 2919 1432 2948 must
1449 2916 1491 2947 be
1509 2916 1569 2948 the
1585 2915 1683 2957 place
1701 2912 1878 2946 intended.
