2033 3242
387 246 468 283 320
821 253 1136 283 CARTULARIUM
1157 253 1465 284 RIEVALLENSE.

658 359 722 413 [4]
746 359 1002 400 WELBORNE
1025 361 1067 398 et
1091 357 1264 398 SONLEY
1285 371 1384 399 cum
1405 359 1617 400 membris.

442 433 675 487 Compotus
705 433 880 474 Ricardi
909 432 1099 481 Walker,
1121 433 1350 474 Forestarii
1382 438 1424 474 et
1446 434 1617 483 Ballivi,
1638 448 1715 475 seu
1736 433 1897 475 Collec-

382 492 486 532 toris
507 492 755 532 reddituum
776 491 938 531 ibidem
958 504 1034 544 per
1054 495 1225 544 tempus
1246 491 1510 545 praedictum.

439 550 664 604 Arreragia
686 548 818 598 nulla,
840 548 942 602 quia
963 552 1041 590 etc.

438 664 650 706 Redditus
673 667 716 705 et
737 664 870 705 firmae
891 663 937 703 in
959 664 1216 704 WELBORNE
1238 677 1337 704 cum
1360 663 1537 705 SINLOW
1559 665 1663 719 [sic]

440 722 524 763 Sed
543 722 684 763 reddit
711 726 957 775 compotum
987 722 1038 762 de
1059 721 1124 761 liii
1142 735 1172 762 s.
1194 722 1237 762 iv
1257 721 1295 763 d.
1318 721 1370 762 de
1391 722 1512 763 firma
1532 723 1661 764 unius
1690 722 1899 777 mesuagii

381 781 470 821 sive
482 780 709 834 graungiae,
723 780 863 820 vocati
877 779 1026 820 Lunde
1042 779 1184 828 Coote‚
1198 793 1273 833 per
1286 793 1460 830 annum,
1475 780 1615 822 soluta
1628 781 1681 822 ad
1693 781 1897 822 terminos

382 839 419 879 S.
437 838 620 878 Martini
641 842 717 879 etc.
741 838 927 879 dimissae
956 837 1139 878 Ricardo
1160 837 1338 878 WValker
1358 852 1434 892 per
1453 838 1750 881 indenturam:
1781 844 1823 880 et
1844 839 1896 880 de

380 896 501 937 xiiis.
538 897 584 937 iv
598 896 636 937 d.
673 896 725 937 de
762 896 884 936 firma
915 900 1126 936 certarum
1156 900 1366 936 terrarum
1401 902 1649 937 vocatarum
1689 896 1896 951 Kyghley

379 954 546 995 Londes
587 954 877 1008 adjacentium
919 954 1104 1007 Kyrkby
1145 953 1374 1008 Moresyde
1409 954 1444 994 F
1447 954 1574 1004 eldes,
1607 959 1649 996 et
1685 960 1896 995 certarum

379 1020 590 1054 terrarum
621 1012 667 1052 in
688 1012 941 1065 Womylton
972 1011 1137 1060 Feldes,
1159 1011 1299 1052 soluta
1330 1016 1420 1061 etc„
1450 1012 1496 1052 in
1517 1016 1671 1053 tenura
1701 1012 1895 1066 praedicti

378 1070 552 1111 Ricardi
567 1070 769 1121 Walker,
799 1075 842 1111 et
863 1070 916 1111 de
937 1084 966 1110 Χ
982 1083 1012 1111 s.
1035 1069 1086 1110 de
1108 1069 1229 1110 firma
1251 1073 1461 1110 certarum
1483 1074 1689 1111 terrarum
1710 1071 1757 1110 in
1777 1070 1895 1112 Wel-

379 1129 510 1169 borne
525 1133 771 1169 vocatarum
788 1128 920 1182 Hyke
937 1128 1120 1177 Housse,
1136 1131 1179 1168 et
1200 1128 1244 1168 iv
1262 1127 1504 1168 Clausorum
1520 1128 1759 1182 jacentium
1780 1129 1894 1182 apud

378 1186 642 1240 Kyr[k]dale
664 1186 818 1241 Kyrke
839 1185 1154 1227 continentium
1176 1186 1220 1225 vi
1251 1199 1366 1226 acras
1392 1185 1468 1242 [et]
1500 1186 1734 1236 dimidiam,
1756 1186 1895 1227 soluta

379 1249 455 1286 etc.
477 1245 523 1284 in
545 1249 697 1285 tenura
718 1244 823 1285 dicti
844 1244 1018 1285 Ricardi
1033 1244 1235 1294 VValker3
1265 1248 1308 1284 et
1325 1244 1377 1285 de
1399 1244 1459 1284 vii
1477 1258 1507 1285 s.
1530 1244 1627 1285 vid.
1651 1244 1703 1285 de
1723 1244 1895 1285 redditu

379 1317 406 1343 v
427 1316 619 1343 acrarum
636 1302 748 1356 prati
765 1306 840 1343 etc.
859 1302 906 1342 in
922 1307 1075 1343 tenura
1091 1301 1197 1342 dicti
1213 1302 1388 1343 Ricardi
1403 1303 1582 1343 VValker
1596 1317 1605 1354 3
1627 1306 1670 1343 et
1688 1302 1738 1343 de
1754 1302 1847 1342 lxiv
1862 1316 1893 1343 s.

380 1360 502 1401 viiid.
519 1360 570 1401 de
588 1361 710 1401 firma
726 1360 854 1401 unius
871 1360 1108 1401 tenementi
1130 1364 1173 1401 et
1189 1360 1316 1400 unius
1331 1360 1465 1401 clausi
1477 1361 1638 1401 ibidem
1660 1360 1894 1413 adjacentis

460 1451 468 1459 .
501 1418 547 1458 in
577 1422 728 1459 tenura
759 1418 979 1472 Radulphi
1021 1418 1208 1467 Walker,
1239 1418 1455 1459 reddenda
1490 1432 1566 1472 per
1596 1432 1769 1467 annum,
1801 1418 1893 1467 viz„

378 1477 424 1516 in
465 1476 651 1517 denariis
682 1477 775 1517 xxii
789 1476 839 1526 (1.,
870 1490 919 1517 66
959 1490 1034 1529 pro
1066 1477 1202 1529 pretio
1243 1476 1292 1516 iii
1333 1477 1646 1530 quarteriorum
1689 1476 1894 1516 frumenti

379 1534 505 1588 [xviii
519 1548 548 1575 s.
553 1535 582 1589 ],
584 1534 598 1558 1
620 1548 695 1575 sex
716 1535 1026 1588 quarteriorum
1044 1534 1225 1588 siliginis
1235 1533 1352 1599 [ΧΧΧ
1365 1548 1394 1575 s.
1399 1533 1430 1590 ]‚
1433 1533 1447 1557 1
1469 1539 1512 1575 et
1531 1549 1687 1575 novem
1709 1543 1892 1588 quarter.

379 1605 610 1633 avenarum
639 1593 719 1646 [xii
735 1606 765 1634 s.
769 1591 798 1648 ]‚
801 1592 815 1615 1
836 1593 882 1632 lx
898 1606 928 1633 s.
952 1597 994 1633 et
1016 1592 1067 1633 de
1089 1592 1241 1632 firma
1230 1606 1262 1632 11
1283 1606 1475 1633 acrarum
1496 1593 1616 1658 plati
1628 1592 1798 1642 ibidem,
1820 1606 1896 1646 per

379 1664 553 1700 annum,
573 1650 606 1690 ii
623 1664 652 1691 s
676 1665 703 1690 x
717 1651 767 1700 d.‚
788 1651 834 1690 in
855 1655 957 1700 toto,
975 1654 1023 1690 ut
1039 1664 1168 1704 supra
1184 1655 1275 1700 etc,
1296 1654 1339 1691 et
1356 1650 1407 1691 de
1423 1650 1519 1690 lxiii
1536 1665 1565 1691 s
1588 1651 1620 1690 ii
1637 1651 1673 1691 d.
1698 1651 1750 1692 de
1771 1625 1893 1691 firma

378 1708 507 1749 unius
543 1709 778 1749 tenementi
814 1713 857 1749 et
891 1708 1067 1749 alterius
1102 1707 1344 1749 medietatis
1385 1709 1514 1748 unius
1555 1709 1690 1749 clausi
1721 1742 1729 1749 .
1762 1741 1770 1749 .
1804 1741 1811 1749 .
1845 1708 1891 1748 in

376 1770 530 1807 tenura
550 1766 763 1807 Willelmi
794 1766 936 1820 Hyke,
957 1766 1172 1807 reddenda
1202 1779 1277 1819 per
1307 1780 1480 1816 annum,
1512 1766 1603 1816 viz„
1624 1766 1670 1806 in
1701 1766 1888 1807 denariis

378 1824 530 1875 xxiid.‚
546 1839 621 1879 pro
638 1839 725 1865 uno
739 1829 996 1873 tenemento,
1010 1837 1058 1864 ac
1074 1824 1210 1864 tribus
1228 1824 1454 1878 quarteriis
1470 1824 1675 1864 frumenti
1689 1824 1815 1878 [xviii
1828 1824 1892 1879 s.]‚

379 1896 455 1924 sex
490 1882 716 1936 quarteriis
752 1882 935 1936 siliginis
973 1881 1081 1938 [xxx
1095 1882 1158 1936 s.]‚
1194 1896 1349 1922 novem
1390 1882 1617 1935 quarteriis
1658 1896 1892 1923 avenarum

382 1941 533 1995 [xiis.],
554 1940 600 1981 lx
617 1955 659 1990 s.,
681 1945 724 1982 et
746 1941 797 1982 de
822 1941 943 1980 firma
964 1940 1092 1980 unius
1114 1953 1220 1980 66166
1242 1939 1354 1993 prati
1375 1940 1546 1988 ibidem,
1569 1940 1643 1980 xiv
1660 1940 1712 1989 d.‚
1734 1940 1780 1979 in
1801 1943 1891 1980 toto

379 2004 428 2039 ut
449 2012 578 2053 supra
598 2003 675 2040 etc.
694 2014 703 2050 ;
732 2003 773 2039 et
796 1998 847 2039 de
869 1998 974 2038 xxix
991 2012 1021 2038 s.
1043 1997 1089 2038 vi
1105 1998 1142 2038 d.
1166 1998 1218 2038 de
1239 1998 1362 2038 firma
1384 1997 1512 2038 unius
1535 1997 1770 2038 tenementi
1799 2031 1807 2038 .
1841 2030 1848 2038 .
1883 2031 1892 2039 .

379 2057 563 2097 arentati
583 2057 637 2097 ad
658 2057 763 2097 xxiv
779 2070 809 2098 s.
831 2070 905 2110 per
926 2070 1099 2105 annum,
1121 2060 1164 2097 et
1183 2056 1228 2096 iv
1249 2069 1436 2096 acraram
1457 2055 1570 2109 prati
1585 2056 1825 2109 jacentium
1846 2056 1890 2095 in

381 2114 539 2169 Sonley
560 2115 716 2169 Ynges,
746 2128 823 2168 per
852 2128 1026 2162 annum,
1056 2127 1127 2155 vs.
1159 2114 1257 2155 vid.
1290 2147 1298 2155 .
1329 2146 1337 2154 .
1374 2147 1382 2155 .
1415 2113 1462 2154 in
1490 2118 1642 2154 tenura
1677 2114 1707 2155 J
1710 2113 1890 2154 ohannis

378 2172 579 2224 Walker;
604 2178 647 2214 et
661 2173 711 2213 de
733 2173 778 2213 iv
793 2172 835 2213 li.
853 2172 897 2212 vi
914 2186 946 2214 s.
967 2172 1044 2212 viii
1059 2172 1109 2221 (1.,
1127 2172 1178 2213 de
1195 2172 1316 2212 firma
1331 2172 1546 2226 graungiae
1562 2176 1723 2212 vocatae
1740 2172 1888 2212 Bowe-

382 2230 498 2271 forth
520 2235 596 2271 etc.
620 2231 807 2271 dinlissae
829 2231 1000 2271 Thomae
1023 2230 1200 2284 Cowper
1220 2244 1294 2283 per
1309 2230 1607 2272 indenturam:
1637 2234 1679 2271 et
1701 2230 1753 2270 de
1773 2229 1836 2270 vii
1848 2229 1890 2271 li.

380 2288 414 2328 ii
430 2302 460 2329 s.
477 2289 555 2328 viii
569 2289 605 2329 d.
624 2289 675 2330 de
694 2289 813 2329 firma
828 2288 1046 2342 graungiae
1066 2293 1228 2329 vocatae
1246 2288 1413 2341 Sowley
1428 2287 1443 2310 2
1461 2288 1565 2329 Cote
1581 2287 1721 2328 soluta
1736 2288 1790 2328 ad
1806 2292 1890 2328 ter-

381 2346 520 2387 minos
539 2347 807 2387 Inventionis
829 2347 867 2387 S.
889 2347 1036 2387 Crucis
1058 2350 1100 2387 et
1122 2346 1160 2387 S.
1179 2345 1406 2387 Michaelis
1438 2378 1446 2386 .
1479 2378 1487 2388 .
1519 2377 1527 2387 .
1560 2345 1748 2386 dimissae
1768 2345 1891 2385 uxori

380 2404 542 2458 [blank]
564 2405 743 2445 Walker
762 2419 837 2459 per
857 2404 1132 2445 indenturam
1152 2421 1160 2445 :
1191 2404 1320 2444 Mem.
1340 2408 1389 2443 ut
1408 2403 1591 2444 reversio
1612 2403 1713 2444 ind'e
1729 2401 1892 2459 [blank]

381 2462 554 2503 Thomae
585 2462 745 2511 Butler,
776 2476 852 2516 per
882 2462 1181 2514 indenturam;
1211 2466 1253 2502 et
1290 2462 1341 2502 de
1377 2461 1453 2501 xix
1469 2475 1499 2502 s.
1522 2461 1598 2501 viii
1614 2461 1651 2502 d.
1688 2462 1740 2502 de
1773 2461 1893 2502 firma

380 2520 510 2561 unius
526 2521 762 2561 tenementi
790 2553 799 2562 .
832 2553 840 2561 .
873 2553 881 2561 .
913 2520 1096 2561 arentati
1112 2520 1166 2560 ad
1182 2520 1257 2560 xiv
1270 2533 1299 2560 s.
1317 2533 1392 2573 per
1409 2533 1582 2568 annum,
1598 2523 1639 2560 et
1656 2533 1683 2559 v
1700 2533 1889 2560 acrarum

380 2578 493 2631 prati
508 2578 745 2632 jacentium
767 2578 813 2618 in
829 2578 996 2632 Sowley
1017 2578 1173 2632 Ynges,
1195 2592 1221 2618 v
1238 2591 1267 2618 s.
1286 2577 1364 2617 viii
1381 2577 1418 2618 d.
1442 2581 1519 2618 etc.
1541 2577 1587 2617 in
1608 2581 1760 2617 tenura
1780 2577 1890 2618 Wil-

379 2635 500 2677 lelmi
535 2636 787 2690 Syndlowe3
817 2640 860 2676 et
895 2635 946 2677 de
983 2636 1059 2676 viii
1075 2649 1106 2678 S.
1131 2636 1183 2676 de
1213 2635 1334 2675 firma
1369 2635 1499 2675 unius
1534 2634 1770 2676 tenementi
1799 2667 1808 2676 .

379 2694 563 2734 arentati
584 2694 636 2734 ad
658 2694 747 2734 vis.
770 2694 846 2734 viii
863 2694 899 2734 d.
922 2707 997 2747 per
1017 2707 1191 2743 annum,
1222 2697 1265 2734 et
1295 2692 1423 2733 unius
1444 2706 1550 2733 acrae
1579 2693 1692 2746 prati
1707 2692 1890 2746 jacentis

377 2751 424 2792 in
441 2751 620 2793 Sowlow
633 2751 649 2775 2
671 2752 825 2805 Ynges,
846 2755 1050 2792 arentatae
1066 2751 1120 2792 ad
1135 2751 1210 2792 xvi
1226 2751 1265 2793 d.
1296 2764 1370 2804 per
1391 2764 1552 2791 annum
1574 2754 1651 2792 etc.
1671 2751 1718 2790 in
1739 2754 1891 2790 tenura

420 2834 432 2854 ¹
456 2833 569 2866 These
584 2833 713 2876 figures
735 2844 794 2866 are
817 2833 865 2865 an
888 2833 1033 2865 written
1056 2833 1092 2865 in
1169 2833 1291 2864 values
1307 2832 1344 2864 of
1359 2833 1420 2865 the
1437 2832 1601 2864 different
1616 2831 1722 2864 kinds
1738 2831 1774 2863 of
1789 2831 1889 2873 grain

376 2877 486 2909 above
501 2877 562 2909 the
578 2877 676 2910 word
695 2879 718 2894 “
729 2876 883 2919 quart.,'’
899 2876 969 2907 and
984 2887 1042 2908 are
1058 2877 1095 2909 of
1170 2875 1347 2918 specified.

376 2921 525 2953 interest
553 2931 593 2953 as
624 2920 782 2963 showing
812 2921 873 2952 the
905 2920 1091 2952 estimated
1213 2919 1226 2938 ²
1249 2919 1361 2951 Three
1377 2918 1543 2951 different
1555 2918 1675 2950 modes
1687 2918 1723 2950 of
1738 2917 1888 2960 spelling
