2033 3242
108 567 318 594 Confirmation

107 603 149 634 by
160 602 211 628 the
224 608 302 627 same

107 635 295 668 Archbishop

108 670 141 695 of
151 670 245 702 Roger
257 669 292 695 de

108 702 276 734 Moubray’s

108 737 210 769 grants
222 737 255 762 at

111 771 265 796 Welburne

108 804 166 830 and
178 804 249 830 else-

112 838 206 863 where
222 837 254 863 to

113 871 264 898 Rievaulx.

116 1896 324 1924 Confirmation

117 1932 157 1963 by
167 1931 216 1956 the
229 1938 307 1956 same

119 1965 308 1996 Archbishop

117 1999 151 2024 of
163 1999 212 2024 the
225 1999 311 2030 grant

117 2033 151 2057 of
161 2033 300 2058 Houeton

117 2067 148 2091 to
161 2066 212 2092 the
222 2066 294 2092 Con-

119 2100 195 2126 vent.

337 266 355 303 1
366 265 416 304 66
768 273 1083 305 CARTULARIUM
1103 272 1408 303 RIEVALLENSE.

332 378 562 420 Laurentio
599 379 813 421 Canonico
851 379 1035 431 Suellae3
1076 377 1270 419 Waltero
1306 378 1359 420 de
1400 377 1611 428 Ruddebi,
1646 377 1847 429 Decan03

333 436 517 478 Roberto
540 437 703 478 Clerico
723 437 776 478 de
797 437 963 478 Lihum.

396 552 642 594 CCXXIII.
675 563 881 594 CLXXVIII.
913 552 1115 606 Rogerus,
1145 551 1199 592 D.
1232 551 1303 593 Gr.
1326 551 1448 593 Ebor.
1473 550 1846 606 Archiepiscopus,

336 643 345 652 .
377 642 386 652 .
418 643 427 652 .
459 610 641 652 Noverit
675 624 861 664 praesens
896 614 998 651 aetas
1035 613 1077 651 et
1111 609 1311 651 universa
1343 610 1587 651 futurorum
1621 609 1848 664 posteritas

339 668 465 722 quod,
486 668 565 709 sub
585 669 812 722 praesentia
847 672 993 709 nostra
1025 672 1068 708 et
1101 667 1332 716 audientia,
1368 668 1558 722 Rogerus
1586 667 1639 708 de
1660 667 1848 708 Molbrai

339 726 547 768 concessit
576 758 585 767 .
618 759 626 767 .
657 758 666 768 .
698 726 926 767 Monachis
946 730 990 767 et
1009 725 1210 767 fratribus
1231 726 1270 767 S.
1293 726 1443 766 Mariae
1464 725 1671 767 Rievallis
1691 724 1848 766 Welle-

340 784 532 833 brunam,
554 797 652 824 cum
688 784 886 825 omnibus
921 784 975 824 ad
1011 783 1190 824 eandem
1224 783 1374 824 villam
1405 783 1734 837 pertinentibus,
1755 796 1848 836 per-

339 847 470 896 petuo
500 842 597 895 jure
629 841 884 893 tenendam3
913 841 1112 883 similiter
1147 845 1191 883 et
1225 841 1347 881 illam
1383 841 1595 882 culturam
1617 855 1711 895 quae
1734 841 1849 894 jacet

339 914 393 941 ex
413 899 497 940 alia
517 904 637 953 parte
669 914 792 954 aquae
812 913 960 941 versus
992 900 1279 948 Houetonam,
1309 913 1408 940 cum
1438 899 1635 940 omnibus
1668 913 1764 953 quae
1794 898 1850 940 ad

338 971 431 999 eam
452 958 682 1012 pertinent,
703 963 793 999 tam
814 958 861 999 in
881 958 1007 998 bosco
1029 971 1159 1011 quam
1179 957 1226 997 in
1245 957 1384 1011 plano.
1446 957 1554 998 Haec
1576 957 1784 999 concessit
1805 962 1849 998 et

337 1015 456 1057 dedit
488 1015 561 1065 eis,
595 1020 685 1056 tam
719 1016 812 1070 ipse
848 1030 977 1070 quam
1012 1015 1200 1056 haeredes
1235 1016 1339 1069 ejus,
1373 1015 1507 1056 libera
1542 1019 1585 1056 et
1619 1015 1766 1069 quieta
1795 1015 1849 1056 ab

337 1073 536 1114 omnibus
572 1074 957 1115 consuetudinibus
994 1078 1037 1114 et
1072 1073 1247 1114 auxiliis
1283 1078 1326 1114 et
1360 1072 1496 1127 geldis
1533 1077 1575 1114 et
1616 1073 1773 1122 assisis,
1806 1077 1850 1114 et

336 1131 454 1173 omni
467 1135 631 1173 terreno
648 1132 830 1173 servitio.
894 1130 1414 1187 Confirmave[l49b]runt
1429 1131 1559 1172 etiam
1578 1130 1655 1185 [et]
1673 1130 1852 1172 firmiter

336 1190 453 1244 pacti
473 1194 575 1230 sunt
606 1190 720 1244 quod
750 1189 931 1231 eandem
965 1194 1121 1231 terram
1152 1189 1493 1230 warantizabunt
1526 1192 1569 1230 et
1603 1189 1850 1238 tuebuntur,

338 1252 382 1289 et
403 1252 529 1289 erunt
550 1248 662 1289 inter
681 1248 796 1302 ipsos
817 1248 969 1289 fratres
991 1251 1034 1289 et
1054 1248 1274 1289 universas
1296 1247 1563 1301 calumpnias
1586 1260 1681 1300 quae
1702 1247 1754 1287 de
1775 1246 1852 1287 illa

338 1309 450 1347 terra
470 1305 516 1346 in
537 1310 754 1360 posterum
784 1309 988 1360 poterunt
1018 1319 1242 1360 emergere.
1302 1306 1359 1346 Et
1380 1305 1417 1346 si
1446 1305 1554 1346 forte
1574 1304 1729 1359 aliquis
1750 1304 1852 1345 inde

340 1363 632 1418 calumpniam
672 1364 868 1413 moverit,
909 1363 1238 1418 calumpniatori
1279 1363 1536 1404 escambiam
1577 1363 1629 1403 de
1678 1363 1850 1416 proprio

340 1421 530 1463 dominio
567 1422 744 1476 dabunt,
781 1422 844 1463 ita
879 1426 928 1462 ut
963 1422 1156 1463 Ecclesia
1188 1422 1264 1462 illa
1302 1418 1564 1476 praefata[m]
1601 1425 1757 1462 terram
1798 1421 1852 1461 ab

341 1479 459 1520 omni
479 1479 725 1534 calumpnia
744 1479 935 1530 liberam,
957 1483 1000 1521 et
1030 1480 1084 1521 ab
1121 1480 1238 1520 omni
1272 1479 1549 1520 infestatione
1579 1479 1772 1532 quietam
1805 1479 1853 1519 in

340 1541 596 1591 perpetuum
637 1537 861 1592 possideat.
944 1538 1084 1588 Quam
1124 1537 1399 1578 donationem
1440 1542 1483 1578 et
1524 1537 1852 1578 conventionem

338 1596 454 1636 inter
474 1609 543 1636 eos
564 1609 640 1636 nos
663 1596 947 1645 concedimus,
960 1596 1244 1650 approbamus
1258 1599 1301 1636 et
1316 1596 1630 1644 confirmamus,
1645 1594 1854 1648 petitione

339 1653 475 1707 ipsius
507 1653 661 1707 Rogeri
682 1659 725 1694 et
745 1653 964 1695 haeredum
993 1667 1178 1703 suorum,
1198 1654 1259 1694 ita
1290 1658 1339 1694 ut
1361 1653 1397 1693 si
1417 1653 1650 1706 aliquando
1671 1653 1762 1706 ipse
1784 1652 1854 1694 vel

340 1711 529 1752 haeredes
561 1712 629 1752 sui
649 1712 702 1752 ab
724 1711 804 1753 hac
835 1712 1119 1753 conventione
1150 1711 1428 1760 deviaverint,
1450 1711 1574 1752 Ebor.
1597 1710 1790 1752 Ecclesia
1810 1715 1854 1752 et

340 1782 417 1810 nos
439 1769 493 1810 ad
514 1769 603 1811 haeo
625 1770 876 1824 exequenda
897 1769 1184 1811 ecclesiastica
1204 1782 1450 1810 revocemus
1473 1768 1712 1823 disciplina.

401 1885 641 1927 CCXXIV.
665 1896 837 1926 CLXXIX.
860 1886 1062 1940 Rogerus,
1083 1885 1137 1926 D.
1161 1884 1231 1925 Gr.
1254 1884 1378 1926 Ebor.
1399 1884 1760 1938 Archiepiscopus
1784 1917 1793 1926 .
1815 1917 1824 1925 .
1848 1918 1856 1926 .

346 1943 469 1993 Quod
509 1943 639 1984 alicui
674 1943 874 1984 Ecclesiae
910 1943 1139 1984 donatione
1175 1943 1368 1984 fidelium
1398 1943 1516 1996 juste
1556 1946 1724 1983 constat
1765 1956 1856 1984 esse

345 2001 550 2042 collatum
580 2001 812 2055 episcopali
843 2002 970 2043 debet
1004 2001 1257 2042 auctoritate
1293 2000 1544 2048 confirmari,
1566 2014 1620 2041 ne
1641 2000 1755 2054 quod
1785 2001 1858 2054 pia

344 2059 584 2100 intentione
612 2060 774 2100 factum
806 2064 871 2101 est
899 2063 1164 2113 posterorum
1199 2059 1334 2112 possit
1368 2058 1636 2112 malignitate
1672 2058 1858 2099 dissolvi.

345 2117 454 2158 Inde
485 2122 549 2158 est
569 2117 683 2171 quod
703 2118 977 2159 donationem
998 2131 1127 2172 quam
1158 2116 1370 2158 Radulfus
1401 2116 1526 2157 Beler
1555 2116 1670 2166 feeit,
1690 2116 1736 2157 in
1757 2130 1860 2170 prae-

344 2175 482 2216 sentia
498 2181 654 2224 nostra,
666 2175 866 2217 Ecclesiae
883 2176 921 2216 S.
938 2176 1088 2216 Mariae
1102 2174 1306 2216 Rievallis
1320 2174 1371 2215 de
1385 2178 1476 2215 tota
1488 2174 1594 2214 villa
1606 2174 1858 2224 Houetonae,

346 2246 444 2273 cum
494 2233 692 2274 omnibus
743 2234 1006 2287 appendiciis
1049 2233 1149 2280 suis,
1191 2233 1238 2273 in
1286 2236 1537 2286 perpetuam
1587 2237 1631 2273 et
1679 2232 1858 2273 liberam

345 2290 630 2340 elemosinam,
661 2296 704 2332 et
739 2292 1000 2346 cyrographo
1036 2290 1317 2339 confirmavit,
1347 2295 1389 2331 et
1419 2304 1550 2344 quam
1581 2290 1769 2344 Rogerus
1805 2290 1858 2331 de

345 2348 542 2397 Molbrai,
582 2349 628 2388 in
667 2350 896 2402 praesentia
935 2354 1092 2398 nostra,
1132 2348 1341 2390 concessit
1381 2353 1424 2389 et
1464 2348 1743 2396 confirmavit,
1780 2362 1857 2389 nos

345 2410 483 2446 ratam
504 2405 624 2460 [150]
647 2406 853 2448 habemus
874 2411 917 2448 et
935 2441 944 2448 .
976 2441 985 2448 .
1015 2440 1024 2450 .
1057 2407 1369 2455 confirmamus,
1383 2406 1494 2447 sicut
1514 2406 1561 2446 in
1581 2406 1716 2459 ipsius
1738 2419 1856 2459 cyro-

345 2464 504 2518 grapho
533 2468 575 2504 et
606 2465 653 2504 in
683 2470 798 2505 carta
832 2465 986 2519 Rogeri
1018 2465 1070 2506 de
1099 2464 1283 2505 Molbrai
1316 2463 1504 2504 cernitur
1536 2464 1858 2515 confirmatum3

346 2522 620 2575 prohibentes
656 2536 710 2563 ne
746 2523 843 2577 quis
879 2537 987 2564 ausu
1026 2523 1249 2564 temerario
1285 2521 1547 2562 antedictam
1582 2521 1858 2562 donationem

344 2584 577 2633 praesumat
597 2579 771 2630 solvere,
791 2581 862 2622 vel
882 2581 1025 2635 aliquo
1046 2581 1172 2621 modo
1192 2580 1351 2633 injuste
1372 2579 1631 2633 perturbare.
1694 2579 1739 2620 Si
1760 2579 1857 2632 quis

344 2650 443 2678 vero
461 2638 573 2691 quod
587 2637 753 2679 utiliter
765 2643 1032 2680 contractum
1049 2643 1114 2680 est
1126 2637 1339 2679 malitiose
1355 2636 1673 2691 praesumpserit
1685 2636 1858 2686 solvere,

343 2694 681 2748 indignationem
704 2695 784 2736 Dei
805 2702 848 2737 et
878 2701 1068 2737 nostram
1099 2710 1143 2737 se
1174 2695 1340 2736 noverit
1370 2695 1652 2735 incursurum.
1714 2694 1859 2748 Hujus

343 2753 675 2794 confirmationis
692 2754 837 2794 Testes
859 2755 1050 2795 sunt—J
1053 2754 1241 2795 ohannes
1260 2752 1438 2801 Letoldi,
1457 2752 1696 2793 Canonicus
1717 2752 1861 2803 Ebor.;

344 2810 551 2852 Osbertus
569 2811 806 2860 Harundel,
825 2811 1066 2853 Canonicus
1084 2810 1401 2853 Beverlacensis
1417 2825 1426 2861 3
1446 2810 1692 2850 Willelmus
1707 2809 1858 2863 Capel-

341 2867 491 2920 lanus3
522 2869 708 2922 Rogerus
744 2869 895 2918 Hurel,
928 2870 1080 2910 Petrus
1112 2869 1164 2910 de
1199 2869 1446 2917 Carcasona,
1479 2867 1689 2908 Radulfus
1722 2867 1774 2908 de
1817 2867 1857 2908 S.

344 2925 538 2980 Georgio‚
562 2927 716 2968 Clerici
739 2927 918 2968 Domini
941 2926 1277 2981 Archiepiscopi.
1343 2925 1508 2966 Valete.
