2033 3242
271 247 353 284 264
707 252 1019 282 CARTULARIUM
1041 250 1348 280 RIEVALLENSE.

271 358 458 413 quisivit.
513 359 721 399 Invocata
751 357 882 411 igitur
914 355 1099 409 Spiritus
1137 355 1284 396 Sancti
1318 354 1454 408 gratia
1488 352 1646 393 amicos
1683 364 1780 392 suos

271 416 500 465 consuluit,
543 420 585 456 et
615 415 853 469 praesertim
888 413 1158 453 VVillelmum
1190 412 1515 453 Gartoniensem
1546 411 1782 456 Rectorem,

272 480 315 515 et
336 473 598 515 avunculum
618 487 754 521 suum,
776 472 898 525 cujus
921 471 1097 511 consilio
1126 469 1362 523 plurimum
1392 469 1634 523 acquievit}
1697 467 1780 517 Qui

273 532 405 587 igitur
456 531 674 572 consuluit
713 535 763 570 ut
807 530 858 569 de
908 532 1028 582 parte
1079 533 1288 568 terrarum
1338 541 1512 568 suarum
1563 525 1782 567 Christum

273 590 430 630 faceret
468 588 705 638 haeredem;
750 587 865 641 quod
905 586 959 626 ad
1000 586 1129 626 finem
1169 599 1304 638 usque
1344 585 1559 638 produxit,
1596 583 1781 624 fundans

273 648 355 688 tria
412 644 700 686 monasteria.2
800 645 857 684 Et
908 644 1046 697 primo
1097 643 1404 683 monasterium
1455 642 1507 683 de
1557 641 1782 688 Kirkham‚

272 705 368 746 viii0
403 703 621 744 Kalendas
652 702 814 752 Martii,
845 703 950 742 feria
981 706 1144 755 quarta,
1175 712 1255 741 A.D.
1289 700 1523 740 Millesimo
1554 699 1784 740 centesimo

272 761 472 802 vicesimo
505 760 700 809 secundo,
723 765 766 801 et
795 760 1049 814 praesulatus
1078 758 1282 806 Tuistini,
1304 758 1426 798 Ebor.
1449 757 1784 810 Archiepiscopi‚

274 833 386 860 anno
422 819 596 873 quinto:
628 823 671 859 et
701 818 815 858 idem
851 818 1008 871 praesul
1044 817 1232 871 primum
1265 816 1466 864 Priorem,
1501 815 1784 861 Willelmum,

274 877 414 926 videl„
435 876 742 930 supradictum,
760 876 1012 916 canonicum
1027 875 1287 915 instructum
1308 873 1355 913 in
1375 873 1499 913 domo
1522 873 1560 913 S.
1586 872 1786 921 Oswaldi,

274 935 490 975 ordinavit
512 939 555 975 et
576 934 801 975 constituit
822 933 869 973 in
899 937 1125 987 pastorem,
1147 932 1349 985 adjuncto
1381 931 1463 971 sibi
1492 944 1578 970 uno
1601 930 1713 971 socio
1735 929 1786 970 de

272 993 421 1033 eadem
441 992 592 1033 Domo.
655 992 740 1041 Qui
770 992 946 1045 quidem
977 991 1096 1031 Prior
1125 989 1372 1030 Willelmus
1403 988 1515 1029 rexit
1546 988 1787 1028 Prioratum

272 1051 319 1091 in
341 1051 479 1091 Domo
501 1050 553 1090 de
576 1049 816 1090 Kirkeham
846 1063 921 1102 per
942 1063 1104 1089 annum
1126 1062 1274 1095 unum,
1295 1060 1462 1087 menses
1494 1078 1502 1086 .
1535 1078 1543 1086 .
1576 1078 1584 1086 .
1617 1050 1660 1086 et
1681 1046 1786 1086 duos

274 1108 375 1155 dies,
399 1112 441 1148 et
463 1106 556 1154 sic‚3
587 1108 739 1161 quinto
761 1108 908 1148 Nonas
940 1107 969 1147 J
974 1106 1053 1146 ulii
1082 1106 1135 1146 ab
1166 1106 1246 1146 hac
1267 1105 1361 1145 luce
1393 1138 1400 1146 .
1434 1138 1441 1145 .
1474 1137 1481 1145 .
1515 1108 1557 1144 et
1578 1103 1631 1144 ad
1652 1103 1788 1143 vitam

272 1166 473 1220 migravit
494 1171 697 1206 aeternam
728 1165 910 1205 feliciter
940 1168 1193 1218 regnaturus
1225 1168 1268 1204 et
1298 1195 1305 1203 .
1342 1196 1349 1203 .
1383 1196 1390 1203 .
1424 1161 1614 1215 ejusdem
1636 1161 1788 1202 domus

275 1228 318 1264 et
350 1256 357 1264 .
391 1257 398 1264 .
432 1257 439 1264 .
472 1223 781 1277 hospitalitatis
814 1222 1156 1276 supportandum
1186 1221 1300 1262 idem
1331 1220 1549 1260 VValterus
1571 1219 1690 1259 dedit
1715 1219 1786 1272 jus

273 1286 524 1335 patronatus
571 1286 734 1335 septem
775 1281 1050 1321 ecclesiarum
1091 1294 1166 1333 per
1206 1280 1349 1332 ipsum
1391 1275 1789 1331 appropriatarum4

272 1339 435 1380 eisdem
456 1339 501 1379 in
522 1343 749 1393 perpetuos
770 1352 872 1380 usus
904 1338 1161 1386 habendum,
1183 1341 1225 1378 et
1255 1341 1400 1384 terras,
1420 1335 1612 1376 redditus
1634 1339 1677 1375 et
1697 1347 1790 1388 pos-

275 1397 485 1438 sessiones
506 1397 560 1437 ad
581 1410 794 1437 summam
824 1396 944 1436 mille
966 1393 1292 1450 trecent[ar]um
1313 1407 1552 1434 marcarum
1565 1391 1581 1415 ⁵
1602 1393 1648 1433 in
1671 1392 1785 1433 Com.

274 1455 396 1496 Ebor.
439 1459 481 1495 et
531 1454 937 1495 Northumberland.
1030 1454 1183 1493 Postea
1234 1452 1432 1493 fundavit
1482 1450 1789 1491 monasterium

274 1512 492 1561 Rievallis,
513 1513 620 1553 A.D.
643 1512 871 1552 millesimo
889 1511 1119 1553 centesimo
1136 1511 1352 1564 trigesimo
1371 1509 1527 1550 tertio.6
1566 1509 1623 1549 Et
1643 1512 1791 1562 postea

275 1570 477 1610 fundavit
526 1571 841 1611 Monasterium
882 1569 1085 1617 Wardon,
1134 1569 1243 1609 AD.
1286 1567 1513 1608 millesimo
1556 1567 1787 1607 centesimo

275 1628 491 1682 trigesimo
526 1626 675 1668 sexto.6
749 1627 876 1668 Vixit
910 1627 1023 1667 idem
1061 1627 1277 1666 VValterus
1318 1630 1546 1679 postquam
1588 1624 1788 1664 fundavit

274 1685 587 1726 Monasterium
623 1685 675 1726 de
712 1685 928 1725 Kirkham
962 1684 1118 1739 Viginti
1153 1697 1299 1732 annos,
1340 1683 1463 1723 miles
1506 1687 1704 1723 strenuus
1746 1685 1789 1722 et

273 1743 618 1796 circumspectus.
699 1743 888 1783 Tandem
930 1743 1070 1783 dictus
1111 1742 1326 1782 VValterus
1377 1741 1495 1781 senio
1546 1740 1788 1781 confractus

276 1802 407 1842 armis
429 1801 687 1841 militaribus
708 1798 914 1850 valescit‚⁷
937 1800 1106 1840 nullum
1127 1799 1339 1840 haeredem
1360 1799 1521 1838 habens
1544 1798 1596 1838 de
1618 1810 1788 1851 corpore

274 1873 351 1900 suo
373 1859 562 1913 legitime
593 1863 873 1912 procreatum.
934 1857 1172 1898 Residuum
1207 1861 1416 1897 terrarum
1445 1869 1619 1896 suarum
1641 1855 1790 1895 divisit

272 1918 383 1957 inter
404 1924 490 1958 tres
511 1930 673 1957 sorores
695 1930 804 1965 suas,
821 1915 903 1956 sibi
919 1916 1016 1968 jure
1029 1915 1297 1956 haereditario
1315 1927 1594 1962 successuras,
1608 1925 1789 1966 quarum

272 1975 446 2015 nomina
485 1974 576 2015 haec
617 1974 968 2023 sunt-Hawisa,
998 1973 1188 2014 Albreda
1228 1977 1270 2013 et
1321 1972 1517 2012 Adelina.
1599 1971 1790 2010 Primam

275 2032 401 2072 duxit
441 2032 488 2072 in
528 2046 705 2073 uxorem
754 2032 1002 2072 Willelmus
1053 2031 1221 2084 Bussy3
1268 2029 1501 2071 secundam
1551 2028 1788 2068 Nicholaus

274 2090 447 2144 Traylly
467 2105 475 2141 3
506 2095 548 2131 et
569 2090 741 2131 tertiam
763 2091 915 2130 Petrus
937 2089 989 2130 de
1011 2089 1132 2130 Roos.
1195 2088 1268 2129 Set
1290 2085 1515 2128 AdelinaeS
1536 2086 1669 2127 sorori
1690 2099 1789 2134 suae,

274 2148 387 2188 inter
418 2151 579 2197 caetera,
611 2148 729 2189 dedit
761 2147 1003 2201 specialiter
1033 2147 1355 2187 advocationem
1396 2145 1448 2185 de
1489 2144 1706 2185 Kirkham
1748 2147 1791 2184 et

277 2206 479 2246 Rievalle.
561 2206 618 2246 Et
658 2209 818 2259 postea,
859 2219 1032 2246 sumens
1083 2205 1281 2245 habiturn
1331 2202 1627 2243 monachalem
1676 2200 1791 2255 apud

277 2263 525 2318 Rievallem,
556 2263 728 2312 ibidem,
760 2263 873 2304 inter
903 2262 1134 2303 monachos
1164 2276 1240 2316 per
1271 2261 1495 2302 biennium
1521 2271 1791 2306 conversans,

275 2321 409 2361 vitam
451 2321 593 2363 finivit
633 2321 921 2375 temporalem.
982 2321 1140 2361 Jacens
1180 2320 1341 2360 ibidem
1382 2320 1428 2359 in
1468 2332 1544 2358 sua
1585 2315 1793 2358 ecclesia⁹

320 2434 330 2452 ¹
354 2433 543 2474 Acqztz'sive't
560 2435 676 2474 (Vin).
1072 2435 1152 2467 that
1180 2435 1208 2467 is
1235 2435 1435 2475 absolutely
1453 2434 1544 2466 clear
1571 2433 1600 2465 is
1617 2432 1698 2464 that
1721 2431 1791 2464 val-

319 2477 332 2495 '-'
355 2477 397 2509 In
414 2478 486 2509 Vit.
515 2478 602 2518 they
619 2489 678 2510 are
702 2478 832 2520 simply
854 2478 992 2518 named,
1073 2481 1149 2509 escit
1182 2482 1311 2510 cannot
1342 2478 1384 2509 be
1417 2480 1561 2509 correct.
1627 2476 1701 2507 The
1739 2475 1790 2506 in·

279 2521 365 2552 with
382 2521 443 2552 the
460 2522 594 2553 several
610 2522 710 2553 dates
727 2523 780 2553 for
796 2523 918 2554 either.
1072 2522 1204 2554 tended
1232 2522 1393 2563 meaning
1417 2520 1533 2552 would
1561 2530 1654 2551 seem
1682 2522 1720 2550 to
1748 2518 1790 2550 be

319 2564 332 2582 ³
355 2564 434 2596 Sic'.
1074 2568 1097 2582 ‘⁴
1113 2566 1155 2597 he
1171 2565 1301 2596 retired
1318 2564 1444 2596 fr0n1.''

319 2607 331 2626 ⁴
354 2608 384 2638 A
390 2609 679 2649 ppropriemrmn.
1117 2608 1130 2627 ³
1155 2609 1351 2639 Aclclinam.

321 2650 332 2668 ⁵
356 2651 429 2682 The
456 2651 658 2692 essentially
682 2650 842 2682 fabulous
870 2654 995 2682 nature
1114 2652 1127 2671 ³³
1152 2653 1263 2683 There
1291 2662 1401 2683 seems
1425 2653 1461 2681 to
1486 2650 1527 2681 be
1552 2646 1789 2680 considerable

277 2693 314 2724 of
330 2694 401 2725 this
418 2696 609 2726 statement
631 2695 661 2726 is
684 2694 781 2726 dealt
800 2695 886 2726 with
910 2695 993 2726 else·
1073 2706 1194 2726 reason
1212 2695 1266 2726 for
1284 2694 1396 2726 doubt
1412 2705 1448 2725 as
1473 2696 1510 2725 to
1527 2693 1587 2724 the
1604 2694 1706 2723 exact
1722 2691 1790 2722 site

279 2737 405 2768 where.
1072 2739 1108 2770 of
1133 2738 1271 2770 XValter
1294 2737 1434 2779 Espec's
1463 2735 1654 2777 sepulchre.
1716 2733 1789 2764 The

321 2780 334 2799 ⁶
358 2780 426 2812 For
463 2780 524 2812 the
564 2780 780 2811 verification
818 2780 855 2812 of
895 2781 995 2812 these
1072 2784 1280 2813 statements
1307 2781 1475 2822 touching·
1502 2781 1531 2811 it
1554 2789 1612 2810 are
1635 2776 1789 2809 conflict-

279 2823 378 2854 ‹lates
395 2834 450 2855 sec
468 2823 721 2855 Introduction.
1072 2825 1141 2865 ing.
1203 2824 1276 2856 One
1302 2825 1332 2855 is
1360 2827 1396 2855 to
1424 2824 1485 2854 the
1514 2822 1616 2853 effect
1643 2821 1723 2852 that
1747 2819 1790 2850 he

321 2866 333 2885 ⁷
359 2867 466 2898 What
482 2867 541 2898 the
566 2867 710 2908 reading
733 2867 815 2897 here
832 2867 941 2908 ought
958 2869 995 2898 to
1073 2879 1143 2899 was
1168 2867 1292 2899 buried
1320 2868 1355 2898 in
1383 2867 1443 2898 the
1472 2866 1628 2906 Chapter
1655 2863 1786 2895 House.

279 2909 320 2941 be
352 2909 381 2941 is
413 2913 474 2941 not
502 2910 610 2951 easily
639 2910 872 2951 conjectured.
934 2910 994 2941 All
1073 2910 1177 2949 Here,
1194 2911 1253 2942 the
1265 2910 1402 2942 Church
1418 2920 1527 2941 seems
1540 2911 1577 2940 to
1595 2907 1636 2938 be
1649 2905 1787 2943 named,
