2033 3242
855 283 1084 314 APPENDIX.
1651 278 1673 314 3
1681 277 1702 314 6
1711 278 1733 315 9

218 399 308 425 011111
327 386 378 426 ab
398 386 572 426 ecclesiis
592 387 672 426 suis
693 387 858 438 quidam
886 387 1014 426 multa
1032 386 1224 426 beneficia
1252 387 1514 438 perceperint,
1537 387 1643 427 bona
1663 401 1734 439 per

217 440 423 479 ecclesiam
444 441 637 491 acquisita
656 442 698 479 in
718 442 815 480 alios
835 456 932 480 usus
951 441 1168 480 transferre
1184 446 1433 493 praesumunt
1452 457 1459 480 :
1489 441 1575 489 hoc,
1597 442 1731 492 igitur,

215 494 323 545 quod
362 495 537 546 antiquis
568 500 726 534 constat
755 496 974 535 inhibitum
1013 495 1241 544 canonibus,
1272 495 1555 534 nichilominus
1583 495 1735 535 inhibe-

215 561 316 597 mus,
340 554 391 597 et,
413 549 751 600 indampnitatem
778 550 1033 589 ecclesiarum
1058 549 1268 600 providere
1297 549 1489 597 volentes,
1512 550 1596 588 sive
1615 550 1736 588 intes-

214 603 291 641 tati
312 602 566 651 decesserint,
588 604 671 642 sive
692 604 779 643 aliis
800 604 972 643 ecclesiis
993 604 1172 643 conferre
1193 603 1405 651 voluerint,
1427 617 1550 654 penes
1574 603 1734 642 easdem

213 656 397 695 ecclesias
428 658 680 719 praecipimus
711 659 947 697 remanere.1
1016 658 1230 705 Praeterea,
1261 671 1386 708 quum
1420 658 1461 696 in
1490 657 1733 708 quibusdam

214 724 286 761 par
288 711 396 750 tibus
417 711 489 750 sub
508 712 638 762 pretio
660 711 743 766 [sic]
759 716 995 751 statuuntur
1014 712 1084 763 qui
1105 712 1245 751 decani
1264 716 1470 760 vocantur,
1486 718 1525 750 et
1540 726 1586 763 p1
1589 716 1733 750 aeterea

212 765 391 815 pecuniae
421 766 650 816 quantitate
679 767 944 828 episcopalem
972 766 1292 817 jurisdictionem
1319 771 1521 814 exercent,
1542 766 1731 825 praesenti

214 818 376 858 decreto
410 821 625 859 statuimus
663 825 721 869 ut,
758 822 827 871 qui
861 821 911 859 de
945 826 1085 859 caetero
1119 820 1162 858 id
1190 820 1500 871 praesumpserit,
1527 821 1643 859 officii
1672 834 1733 858 sui

212 872 469 924 dispendium
498 875 687 925 patiatur,
710 879 751 913 et
779 875 1001 926 Episcopus
1031 874 1263 913 conferendi
1294 874 1368 913 hoc
1403 875 1575 913 officium
1604 879 1734 925 potes-

210 931 338 966 tatem
359 928 520 966 amittat
538 944 545 967 :
575 928 643 968 ille
664 933 799 967 autem
819 929 946 967 officio
967 942 1037 967 suo
1058 929 1251 980 privetur.

269 1042 328 1079 14.
362 1051 470 1080 XXII.
496 1042 639 1081 Felicis
670 1042 872 1081 memoriae
901 1042 1020 1092 Papae
1049 1041 1285 1089 Innocentii‚
1315 1046 1355 1080 et
1374 1042 1555 1093 Eugenii,
1586 1042 1734 1093 praede—

211 1108 412 1134 cessorum
450 1102 690 1145 nostrorum,
728 1096 908 1148 vestigiis
942 1096 1195 1142 inhaerentes
1235 1096 1491 1135 detestabiles
1530 1096 1732 1134 nundinas

210 1149 275 1187 vel
296 1149 415 1188 ferias
445 1164 543 1201 quas
563 1150 685 1202 vulgo
705 1151 976 1189 torniamento.
990 1155 1147 1197 vocant,
1170 1150 1213 1187 in
1233 1150 1380 1200 quibus
1400 1150 1549 1189 milites
1570 1164 1620 1188 ex
1642 1164 1731 1189 con-

211 1202 332 1242 ducto
354 1203 433 1257 [8¹⁰]
455 1205 592 1243 venire
623 1204 764 1253 solent,
799 1210 849 1253 et,
887 1204 938 1243 ad
967 1204 1279 1242 ostentationem
1312 1204 1459 1242 virium
1494 1218 1656 1242 suaium
1689 1210 1731 1243 et

210 1257 396 1306 audaeiae,
412 1264 562 1298 temere
579 1236 906 1310 congrediuntur,
924 1258 1031 1296 unde
1051 1263 1199 1296 mortes
1215 1258 1434 1306 hominum,
1451 1263 1492 1296 et
1507 1259 1731 1296 animarum

210 1312 386 1362 pericula
406 1326 508 1364 saepe
538 1313 792 1364 proveniunt,
821 1290 906 1352 fieri
923 1313 1203 1373 prohibemus.
1265 1311 1382 1360 Quod
1411 1312 1444 1350 si
1472 1313 1562 1362 quis
1592 1326 1730 1351 eorum

207 1365 361 1404 ibidem
389 1372 572 1405 mortuus
593 1367 725 1414 fuerit,
748 1367 877 1417 quivis
897 1367 933 1405 ei
954 1366 1235 1418 poenitentiam
1261 1366 1441 1417 poscenti
1469 1380 1551 1405 non
1580 1368 1732 1417 11οἓοὀ,2

210 1419 476 1459 ecclesiastica
494 1426 631 1460 tamen
651 1421 859 1473 sepultura
879 1425 1020 1460 careat.

267 1534 330 1571 15.
360 1543 486 1572 XXIII.
521 1533 698 1585 Treugas
723 1548 746 1573 a
765 1534 996 1584 vespertina
1025 1533 1124 1572 feria
1153 1537 1246 1584 post
1275 1546 1458 1571 occasum
1487 1533 1581 1571 solis
1604 1546 1732 1584 usque

207 1586 258 1626 ad
279 1587 497 1626 secundam
516 1588 659 1627 feriam
679 1592 771 1627 ante
802 1592 938 1626 ortum
959 1588 1063 1636 solis,
1088 1592 1128 1627 et
1149 1587 1198 1625 ab
1219 1586 1398 1625 adventu
1417 1587 1583 1626 Domini
1604 1601 1728 1638 usque

207 1640 259 1680 ad
279 1646 439 1680 octavas
454 1642 702 1693 Epiphaniae,
726 1647 766 1681 et
786 1656 809 1681 a
828 1642 1132 1694 Septuagesima
1151 1654 1278 1692 usque
1300 1640 1350 1678 ad
1371 1646 1530 1680 octavas
1551 1641 1726 1689 Paschae‚

206 1695 257 1734 ab
290 1696 475 1734 omnibus
508 1697 796 1736 inviolabiliter
830 1697 1033 1735 observari
1066 1696 1326 1747 praecipimus
1388 1695 1431 1734 Si
1465 1695 1554 1746 quis
1593 1701 1729 1735 autem

205 1754 389 1800 treugam
417 1750 602 1802 frangere
621 1751 893 1803 temptaverit,
916 1756 1008 1802 post
1027 1751 1190 1789 tertiam
1211 1749 1576 1796 commonitionem,
1593 1750 1627 1788 si
1647 1763 1727 1789 non

205 1803 455 1853 satisfecerit,
473 1804 694 1856 Episcopus
715 1819 810 1844 suus
839 1805 1264 1844 excommunicationis
1294 1804 1537 1842 sententiam
1565 1803 1607 1842 in
1637 1817 1727 1842 eum

206 1857 342 1906 dictet,
374 1863 415 1897 et
444 1860 633 1920 scriptam
653 1859 860 1921 Episcopis
889 1860 1030 1898 vicinis
1059 1859 1288 1897 annunciet.
1343 1857 1562 1908 Episcopus
1592 1863 1727 1896 autem

204 1912 338 1951 nullus
367 1914 759 1952 excommunicatum
787 1915 830 1952 in
859 1913 1180 1952 communionem
1210 1913 1427 1965 suscipiat.
1456 1912 1579 1950 immo
1609 1913 1728 1963 scrip-

205 1971 289 2005 tam
308 1968 552 2007 sententiam
581 1968 750 2019 quisque
771 1969 990 2007 confirmet.
1051 1967 1093 2006 Si
1123 1967 1212 2018 quis
1233 1967 1307 2006 hoc
1327 1966 1477 2006 violare
1507 1980 1727 2017 praesump-

204 2021 314 2068 serit,
349 2022 500 2060 ordinis
535 2022 596 2061 sui
629 2022 805 2074 periculo
845 2022 1060 2073 subjaceat,
1098 2027 1139 2059 et
1178 2035 1301 2072 quum
1335 2020 1538 2060 funiculus
1576 2020 1726 2071 triplex

205 2074 364 2114 difficile
397 2077 611 2127 rumpitur,
648 2077 899 2128 praecipimus
937 2081 984 2114 ut
1017 2075 1214 2127 Episcopi,
1256 2076 1307 2114 ad
1346 2075 1475 2114 solum
1514 2074 1646 2113 Deum
1685 2080 1725 2114 et

205 2128 377 2167 salutem
415 2130 552 2181 populi
588 2130 782 2169 habentes
820 2136 1058 2181 respectum,
1094 2130 1202 2168 omni
1240 2129 1456 2181 tepiditate
1495 2129 1636 2179 sopita,
1673 2129 1724 2167 ad

203 2196 343 2234 pacem
376 2184 546 2222 firmiter
577 2184 795 2223 tenendam
829 2190 1014 2222 mutuum
1048 2184 1124 2222 sibi
1158 2184 1355 2223 auxilium
1386 2183 1603 2235 praebeant.
1661 2182 1724 2222 Ne

204 2237 293 2287 quis
322 2237 493 2288 alicujus
522 2251 656 2277 amore
683 2239 747 2277 vel
776 2238 868 2277 odio
897 2238 1193 2289 praetermittat.
1252 2238 1368 2287 Quod
1398 2238 1431 2276 si
1461 2237 1548 2288 quis
1578 2237 1620 2275 in
1649 2237 1725 2276 1100

204 2304 322 2342 0ροΓο
361 2292 521 2343 tepidus
559 2292 749 2331 inventus
786 2292 910 2331 fuerit
948 2292 1170 2343 dampnum
1207 2293 1378 2343 propriae
1418 2291 1629 2343 dignitatis
1667 2291 1725 2329 in-

203 2350 346 2384 curret.

260 2455 320 2492 16.
357 2464 478 2492 XXIV.
539 2454 632 2493 Non
661 2454 793 2492 minus
826 2467 898 2505 pro
933 2459 1096 2505 peccato
1127 2467 1266 2493 eorum
1300 2455 1369 2505 qui
1403 2455 1566 2501 faciunt,
1600 2466 1719 2503 quam

202 2521 274 2559 pro
303 2507 465 2546 illorum
493 2507 738 2547 detrimento
762 2509 831 2559 qui
860 2509 1071 2556 sustinent,
1096 2507 1154 2561 [9]
1176 2522 1297 2560 grave
1327 2522 1411 2547 esse
1440 2508 1559 2546 nimis
1589 2508 1721 2546 dinos-

201 2561 306 2600 citur
334 2562 453 2612 quod,
476 2561 519 2600 in
547 2562 716 2601 diversis
736 2562 917 2614 partibus
946 2563 1097 2611 mundi,
1121 2563 1311 2602 Rectores
1342 2568 1382 2602 et
1402 2562 1595 2602 Consules
1616 2561 1720 2600 Civi-

200 2619 343 2663 tatum,
366 2629 521 2655 necnon
550 2616 618 2655 alii
637 2617 706 2667 qui
734 2622 892 2667 partem
920 2630 1033 2655 suam
1062 2617 1208 2656 habere
1229 2617 1430 2665 videntur,
1452 2621 1514 2655 tot
1546 2615 1718 2654 ecclesiis

201 2671 349 2708 onera3
371 2670 611 2721 frequentur
629 2671 854 2721 imponunt,
878 2671 936 2709 ita
963 2671 1262 2722 gravaminibus
1292 2685 1356 2710 eas
1378 2676 1418 2710 et
1438 2670 1587 2709 crebris
1608 2683 1720 2707 exac-

202 2724 379 2763 tionibus
400 2729 601 2775 premunt,
623 2730 668 2763 ut
688 2725 898 2764 deterioris
927 2724 1169 2764 conditionis
1190 2726 1264 2764 sub
1284 2726 1340 2764 eis
1369 2725 1519 2764 factum
1541 2723 1719 2762 sacerdo-

201 2778 305 2817 tium
335 2792 420 2817 esse
448 2778 644 2827 videatur,
676 2792 796 2830 quam
830 2780 904 2818 sub
934 2779 1140 2818 Pharaone
1170 2780 1305 2828 fuerit,
1340 2779 1409 2831 qui
1440 2778 1588 2817 divinae
1617 2777 1718 2828 legis

243 2865 256 2885 1
279 2866 353 2898 The
366 2877 465 2898 sense
475 2866 504 2898 is
514 2866 710 2908 altogether
720 2866 915 2908 imperfect,
1038 2867 1052 2888 ‘2
1073 2867 1235 2908 Nessetzcr.

202 2909 272 2941 and
314 2921 379 2942 one
417 2913 547 2942 cannot
583 2910 649 2942 but
689 2913 830 2952 suspect
874 2922 918 2942 an

201 2953 377 2986 omission.
1037 2953 1050 2974 3
1073 2954 1226 2986 Honera.

924 3001 998 3037 ΞΑ
