2033 3242
825 314 1048 344 APPENDIX.
1615 303 1693 340 417

188 434 294 471 pace,
314 420 540 467 honorifice,
558 420 712 471 integre
734 425 774 458 et
794 418 982 470 plenarie,
1000 417 1103 456 sicut
1117 417 1206 455 Rex
1227 415 1435 461 Henricus‚
1455 427 1552 452 avus
1573 413 1696 464 ipsius

187 475 318 526 Regis,
348 488 394 513 ea
422 474 553 512 tenuit
582 474 623 512 in
653 474 850 512 dominico
879 486 951 511 suo
980 472 1044 510 die
1074 484 1153 522 qua
1180 470 1259 508 fuit
1287 470 1403 508 vivus
1432 474 1473 507 et
1500 474 1693 513 mortuus,

188 529 312 567 libera
332 534 372 567 et
391 528 528 579 quieta
547 528 596 566 de
617 528 726 567 omni
746 534 906 566 terreno
927 525 1103 574 servicio,
1121 525 1272 563 virtute
1293 524 1407 575 cujus
1427 528 1544 561 cartae
1559 521 1696 560 Abbas

188 583 255 633 qui
286 596 390 621 nunc
421 589 491 629 est,
514 587 555 620 et
584 582 767 620 similiter
796 595 931 620 omnes
952 580 1130 619 Abbates
1159 578 1234 618 loci
1264 577 1453 630 praedicti,
1486 576 1696 628 praedeces-

187 650 294 676 sores
324 637 395 684 sui,
427 649 583 686 semper
607 650 630 674 a
658 642 837 687 tempore
867 634 1124 674 confectionis
1154 632 1334 684 ejusdem
1365 636 1482 671 cartae
1512 630 1573 668 usi
1603 634 1696 668 sunt

187 691 417 742 hujusmodi
436 690 699 738 libertatibus,
723 690 830 741 quod
850 689 983 728 nullus
1003 688 1184 727 minister
1199 687 1356 726 forestae
1372 686 1421 724 de
1442 685 1694 736 Pykeryngc,

188 751 258 783 aut
278 745 379 783 alius
398 744 631 784 forestarius
651 744 900 795 quicumque,
925 757 964 782 se
985 743 1197 793 quicquam
1226 742 1267 779 in
1296 739 1482 779 maneriis
1497 738 1696 790 praedictis

189 799 507 848 intromitteret,l
524 805 669 850 praeter
684 799 814 850 ipsum
830 798 1030 837 Abbatem
1052 802 1091 836 et
1111 796 1313 834 ministros
1334 808 1437 843 suos,
1455 799 1495 831 et
1515 792 1697 831 similiter

189 853 295 904 quod
315 854 486 905 agistare
507 853 638 892 averia
659 865 905 904 quaecunque
925 852 966 890 in
986 850 1171 890 maneriis
1192 849 1401 901 praedictis,
1419 848 1526 886 infra
1537 852 1696 885 vastum

189 908 434 959 praedictum,
457 908 577 946 debet
596 921 668 958 pro
687 907 895 946 voluntate
925 919 1018 944 sua:
1047 905 1100 943 Et
1128 904 1201 943 hoc
1231 909 1394 955 paratus
1415 907 1475 941 est
1494 901 1696 940 verificare

190 976 259 1013 per
287 962 491 1001 ministros
520 962 701 1013 ejusdem
730 961 888 999 forest-ee
919 964 1038 1011 prout
1067 963 1183 997 cartae
1213 964 1286 996 etc.
1345 957 1442 996 Ideo
1471 955 1697 1007 inquiratur

188 1016 280 1055 inde
310 1017 456 1056 veritas
485 1030 556 1068 per
585 1015 745 1055 eosdem
779 1020 851 1054 etc.
912 1014 988 1062 Qui
1023 1013 1173 1052 60111061
1207 1012 1415 1058 forestarii,
1448 1009 1626 1048 viridarii
1657 1016 1697 1047 et

190 1071 477 1122 regardatoreS,
499 1083 617 1121 super
636 1069 710 1108 hoc
730 1069 884 1108 onerati
904 1074 945 1107 et
964 1067 1098 1119 jurati,
1115 1067 1255 1106 dicunt
1274 1079 1392 1117 super
1407 1069 1696 1103 sacramentum

189 1139 305 1164 suum
336 1125 467 1176 quoad
496 1125 682 1163 clamium
701 1123 809 1174 quod
829 1123 936 1162 idem
955 1122 1093 1161 Abbas
1113 1121 1208 1160 facit
1227 1120 1335 1172 quod
1363 1119 1497 1158 nullus
1517 1117 1699 1156 minister

189 1180 359 1227 foresta),
390 1185 461 1218 aut
489 1179 588 1217 alius
617 1177 847 1217 forestarius
877 1177 1114 1228 quicunque,
1137 1189 1178 1214 se
1198 1175 1412 1226 quicquam
1440 1173 1481 1211 in
1510 1172 1697 1210 maneriis

191 1233 390 1285 praedictis
418 1233 664 1272 intromittat
696 1237 840 1283 praeter
878 1232 1009 1282 ipsum
1042 1230 1244 1269 Abbatem
1279 1235 1319 1268 et
1352 1227 1555 1266 ministros
1594 1238 1695 1271 61106,

191 1288 298 1339 quod
318 1288 490 1327 ministri
509 1288 666 1326 forestae
686 1286 898 1337 praedictae,
920 1299 943 1324 a
962 1291 1140 1335 tempore
1161 1297 1239 1334 quo
1262 1296 1343 1322 non
1364 1287 1477 1321 extat
1496 1280 1697 1326 mcmoria‚

191 1356 232 1381 se
251 1343 555 1382 intromiserunt
574 1342 616 1379 in
636 1340 821 1379 maneriis
841 1339 1042 1391 praedictis
1062 1345 1145 1377 tam
1161 1338 1210 1376 de
1230 1336 1419 1389 regardis,
1437 1340 1479 1374 et
1498 1334 1699 1385 leporibus

191 1396 339 1436 ibidem
360 1396 497 1447 captis,
520 1409 639 1447 quam
659 1395 709 1434 de
729 1395 952 1433 venatione.
1012 1393 1120 1441 Ideo,
1143 1391 1275 1443 quoad
1296 1391 1380 1439 hoc,
1404 1389 1698 1428 consideratum

191 1455 252 1489 est
272 1451 380 1502 quod
409 1450 515 1489 idem
534 1450 671 1489 Abbas
691 1449 813 1487 nichil
834 1448 941 1499 capit
969 1461 1039 1499 per
1059 1447 1246 1486 clamium
1274 1458 1390 1484 suum
1409 1444 1451 1482 in
1471 1444 1543 1482 hac
1573 1448 1696 1494 parte,

191 1511 252 1544 set
272 1505 323 1544 sit
342 1505 384 1543 in
403 1504 673 1543 misericordia
698 1517 769 1555 pro
789 1503 955 1555 praefato
975 1502 1145 1540 clamore
1165 1514 1247 1540 suo.
1305 1499 1358 1538 Et
1378 1497 1510 1550 quoad
1539 1497 1700 1536 clamor-

192 1574 255 1599 em
284 1573 401 1598 suum
430 1558 537 1610 quod
566 1559 737 1610 agistare
765 1558 807 1596 111
826 1557 1011 1596 maneriis
1032 1555 1232 1607 praedictis
1251 1554 1373 1593 debet
1400 1567 1472 1604 pro
1493 1552 1699 1590 voluntate

192 1628 273 1661 =sua,
305 1614 444 1652 dicunt
472 1613 593 1651 iidem
622 1612 794 1650 ministri
824 1611 929 1663 quod
958 1611 1095 1649 Abbas
1125 1610 1193 1660 qui
1222 1622 1329 1648 nunc
1358 1614 1428 1655 est,
1451 1612 1492 1646 et
1520 1605 1702 1644 similiter

193 1682 329 1707 omnes
358 1667 528 1707 Abbatis
557 1667 632 1706 loci
662 1665 854 1718 praedicti,
885 1665 1192 1717 praedecessores
1221 1662 1403 1714 praedicti
1431 1661 1602 1700 Abbatis
1631 1660 1700 1711 qui

193 1737 297 1761 nunc
319 1727 389 1770 est,
407 1736 430 1760 a
445 1728 624 1772 tempore
641 1720 900 1759 confectionis
916 1726 1033 1758 cartae
1054 1719 1266 1770 praedictae,
1285 1723 1325 1756 et
1339 1717 1492 1755 virtute
1506 1714 1698 1766 ejusdem,

193 1778 253 1815 usi
283 1782 379 1815 sunt
406 1776 577 1827 agistare
606 1776 646 1814 in
676 1775 864 1814 maneriis
893 1774 1094 1825 praedictis
1128 1786 1200 1824 pro
1229 1771 1438 1811 voluntate
1468 1783 1548 1817 sua,
1581 1776 1701 1820 prout

193 1831 373 1883 superius
407 1830 612 1869 clamatur.
684 1829 781 1868 Ideo
819 1829 925 1868 idem
960 1828 1097 1867 Abbas
1131 1826 1231 1865 illud
1263 1825 1448 1865 clamium
1478 1824 1623 1862 habeat
1661 1828 1699 1861 et

192 1885 365 1937 gaudeat
394 1885 468 1924 sibi
489 1890 529 1924 et
550 1883 841 1923 successoribus
862 1883 944 1922 suis
965 1883 1005 1920 in
1036 1887 1287 1933 perpetuum,
1309 1879 1418 1918 salvo
1439 1891 1594 1929 semper
1613 1878 1700 1928 jure

194 1946 265 1979 etc.

247 1994 383 2033 Abbas
422 1993 471 2032 (16
509 1992 690 2032 Rievalle
723 1992 868 2031 clamat
907 2004 989 2030 esse
1025 1990 1184 2040 quietus
1222 1989 1263 2027 in
1301 1987 1488 2026 maneriis
1522 1986 1603 2025 suis
1636 1985 1700 2024 del

194 2047 525 2099 Marreys—scil.,
557 2047 843 2095 Loftmarreys,
876 2044 1004 2093 Lund‚
1037 2043 1255 2089 Neustede,
1277 2049 1317 2081 61
1346 2041 1629 2091 Kekmarreys‚
1651 2040 1701 2078 de

193 2102 491 2153 expeditatione
512 2115 666 2150 canum,
687 2105 728 2140 et
747 2100 796 2139 de
817 2100 1001 2139 omnibus
1021 2098 1107 2137 aliis
1137 2097 1268 2136 assisis
1296 2097 1466 2144 forestae,
1488 2100 1633 2146 praeter
1653 2094 1702 2132 de

194 2157 418 2203 venatione,
459 2155 640 2206 regardo,
679 2161 720 2194 et
758 2154 941 2205 captione
980 2153 1183 2204 leporum:
1233 2157 1273 2191 et
1311 2151 1409 2189 dicit
1447 2149 1555 2201 quod
1594 2148 1700 2187 idem

193 2211 390 2250 Dominus
420 2210 630 2257 Henricus,
661 2208 863 2260 quondam
891 2208 979 2247 Rex
1008 2207 1178 2258 Angliae,
1210 2211 1250 2245 et
1279 2204 1509 2256 progenitor
1538 2203 1700 2242 Domini

194 2265 314 2316 Regis
346 2278 464 2312 nune,
497 2264 610 2303 dedit
640 2270 680 2302 et
710 2267 819 2302 carta
852 2276 922 2301 sua
953 2261 1203 2300 confirmavit
1235 2260 1322 2298 Deo
1357 2264 1397 2298 et
1424 2258 1462 2297 S.
1494 2257 1632 2296 Mariae
1663 2263 1703 2295 et

193 2319 377 2358 Ecclesiae
411 2332 491 2357 suae
525 2318 574 2356 de
605 2317 810 2368 Ryevalle,
847 2321 887 2355 et
925 2315 1128 2354 monachis
1166 2314 1315 2353 ibidem
1346 2345 1354 2353 .
1386 2344 1393 2352 .
1424 2344 1431 2351 .
1465 2326 1538 2363 pro
1571 2311 1702 2350 anima

193 2373 354 2425 gloriosi
392 2372 523 2424 Regis,
564 2372 628 2411 avi
666 2372 728 2410 sui
758 2402 767 2410 .
799 2402 806 2410 .
839 2402 845 2409 .
878 2371 919 2408 in
950 2370 1116 2409 liberam
1148 2400 1155 2408 .
1185 2400 1192 2408 .
1229 2399 1236 2407 .
1267 2367 1534 2413 elemosinam,
1572 2371 1701 2404 totum

194 2433 352 2466 vastum
373 2441 488 2465 suum
508 2431 549 2466 et
567 2431 695 2464 totam
714 2431 920 2476 pasturam
941 2438 1053 2463 suam
1074 2424 1215 2462 subtus
1235 2422 1486 2473 Pykerynge‚
1509 2434 1599 2459 cum
1620 2433 1703 2471 per-

194 2481 377 2521 tinenciis
397 2482 478 2520 suis
496 2497 505 2529 ;
533 2481 575 2519 in
596 2494 674 2531 quo
695 2480 857 2530 quidem
877 2484 990 2518 vasto
1011 2479 1186 2517 maneria
1205 2477 1396 2528 praedicta
1417 2475 1536 2514 modo
1557 2474 1702 2513 situata

194 2543 298 2583 sunt,
330 2536 370 2573 in
400 2535 535 2586 pratis,
557 2535 741 2586 pasturis,
765 2539 851 2581 etc„
875 2540 916 2572 et
943 2533 984 2571 in
1015 2533 1199 2572 omnibus
1219 2531 1306 2570 aliis
1332 2531 1449 2569 rebus
1479 2543 1550 2580 per
1578 2533 1704 2567 certas

194 2596 320 2629 metas
340 2590 382 2628 in
402 2589 539 2628 eadem
569 2595 676 2627 carta
706 2592 923 2635 contentas,
946 2587 1028 2626 haec
1058 2585 1277 2638 optinenda
1304 2585 1346 2623 in
1374 2584 1540 2624 liberam
1566 2583 1705 2621 elemo-

194 2645 322 2683 sinam
351 2649 437 2692 ete,
460 2649 500 2682 et
520 2643 654 2694 quiete
683 2643 732 2681 de
763 2642 869 2681 omni
899 2641 1142 2689 Tementale,
1174 2638 1418 2691 Danegelda,
1451 2643 1492 2676 et
1520 2637 1703 2676 omnibus

194 2698 351 2738 auxiliis
381 2705 422 2737 et
449 2697 582 2736 assisis
611 2703 652 2736 et
679 2697 816 2749 geldis,
849 2702 888 2735 et
923 2696 1107 2735 omnibus
1141 2693 1494 2734 consuetudinibus
1529 2698 1568 2730 et
1600 2704 1705 2729 occa—

194 2753 371 2792 sionibus
410 2758 451 2791 et
482 2751 648 2803 placitis,
689 2756 729 2790 et
767 2751 815 2789 de
854 2751 963 2789 omni
1001 2750 1165 2789 servicio
1210 2754 1369 2788 terreno
1407 2745 1514 2797 quod
1554 2745 1627 2783 sibi
1666 2753 1707 2784 et

194 2806 483 2846 successoribus
502 2819 680 2856 unquam
708 2805 913 2856 pertinuit,
944 2818 1014 2856 per
1043 2810 1193 2843 cartam
1221 2802 1464 2855 praedictam,
1495 2813 1614 2850 quam
1643 2799 1706 2837 hic

195 2862 348 2914 profert
367 2866 407 2899 et
436 2873 524 2912 quae
552 2860 627 2899 1100
666 2865 863 2898 testatur:
903 2864 943 2898 et
982 2858 1080 2897 dicit
1118 2857 1224 2909 quod
1265 2857 1416 2894 virtute
1456 2859 1572 2892 cartae
1611 2866 1706 2904 prae-

194 2916 310 2956 dictae
348 2915 432 2966 ipse
472 2920 512 2953 61
542 2927 678 2953 omnes
717 2914 896 2953 Abbates
934 2913 1008 2951 loci
1049 2912 1239 2964 praedicti,
1280 2910 1587 2962 praedecessores
1632 2907 1702 2955 sui,

817 2993 826 3012 ¹
853 2993 1071 3024 Imromc'tmt.

913 3044 932 3078 2
958 3048 984 3078 D
