2033 3242
790 292 1021 322 APPENDIX.
1585 284 1607 321 3
1615 284 1637 321 8
1645 283 1667 320 3

148 398 330 438 Rievalle
359 397 409 438 de
438 397 585 449 placito
614 397 723 449 quod
752 397 896 436 reddat
925 396 961 435 ei
989 396 1033 434 lx
1048 409 1089 443 s.,
1121 408 1220 446 quos
1250 395 1287 434 ei
1320 394 1453 442 debet,
1483 398 1554 433 etc.
1615 394 1670 433 Et

148 453 286 492 Abbas
305 465 387 491 non
407 453 520 491 venit
540 456 613 491 etc.
631 467 641 501 5
671 458 712 491 et
741 450 1006 490 summonitus
1035 449 1116 488 fuit
1136 455 1208 489 etc.
1266 448 1476 487 Judicium
1505 448 1670 487 attachi-

150 512 241 546 atur
260 506 370 558 quod
389 506 442 545 sit
463 520 486 544 a
506 506 571 545 die
591 506 754 545 Paschae
774 506 815 544 in
836 519 863 543 v
882 505 1136 556 septimanas.

305 620 368 658 49.
401 617 560 671 [Rotuli
579 618 825 657 Litterarum
846 616 1093 664 Clausarum,
1115 615 1155 655 ii.
1179 628 1214 666 p.
1240 614 1313 653 96b
1334 613 1507 669 [1226].]

691 689 752 728 De
771 693 957 740 respectu
975 687 1127 740 judicii.

202 760 446 799 Mandatum
466 765 527 799 est
546 760 789 799 Justiciariis
809 760 859 798 de
887 759 1022 798 Banco
1043 758 1151 809 quod
1178 758 1375 809 judicium
1404 757 1537 796 assisae
1557 771 1672 796 novae

148 814 381 862 disseisinae,
402 828 491 866 quae
511 820 628 866 capta
647 814 727 853 fuit
746 827 879 853 coram
898 813 1138 852 Justiciariis
1167 812 1357 851 ultimum
1385 811 1672 851 itinerantibus

150 868 259 920 apud
292 869 425 917 Ebor.,
466 869 573 907 inter
604 869 808 907 Abbatem
846 868 895 906 de
933 867 1091 906 Rivalle
1130 870 1170 905 et
1207 866 1438 905 Johannem
1474 866 1672 914 Makerel,

149 927 304 974 ponant
331 923 372 962 in
401 928 628 974 respectum
648 922 698 962 de
727 922 792 961 die
820 922 863 960 in
891 921 999 960 diem
1027 934 1156 972 usque
1184 920 1236 959 ad
1265 920 1438 959 Octabas
1467 920 1594 960 Puris.
1624 920 1670 959 B.

150 977 301 1016 Mariae.
360 977 404 1018 T.
465 977 575 1028 Rege
597 976 703 1028 apud
724 976 939 1027 Radinges,
962 976 975 1013 i
995 975 1061 1014 die
1081 975 1291 1014 Februarii
1312 973 1383 1027 [Ao
1402 974 1586 1028 decimo}

208 1092 270 1130 50.
303 1089 353 1143 [F
355 1095 419 1130 eet
438 1090 480 1129 of
499 1090 630 1138 Fines,
648 1090 786 1140 Temp.
810 1089 934 1128 Henr.
958 1087 1041 1142 HL]
1099 1087 1196 1126 Haec
1225 1091 1286 1125 est
1305 1086 1434 1125 finalis
1464 1086 1676 1125 concordia

151 1145 259 1183 facta
296 1145 339 1183 in
377 1144 500 1184 Curia
529 1144 696 1183 Domini
728 1143 850 1194 Regis
889 1142 998 1193 apud
1035 1141 1167 1189 Ebor.‚
1202 1155 1224 1180 a
1257 1141 1323 1179 die
1358 1140 1396 1179 S.
1432 1140 1602 1179 Martini
1631 1140 1674 1179 in

152 1198 383 1249 quindecim
402 1198 498 1247 dies,
520 1198 569 1237 A.
591 1211 622 1237 r.
645 1197 768 1249 Regis
798 1197 964 1236 Henrici
992 1196 1064 1234 filii
1084 1195 1206 1246 Regis
1234 1194 1262 1233 J
1265 1195 1434 1233 ohannis
1462 1194 1675 1233 undecimo

151 1252 306 1306 [1226]‚
343 1252 489 1292 Coram
521 1252 699 1291 Roberto
733 1251 783 1290 de
816 1250 1106 1302 Veteri-ponte,
1146 1250 1174 1288 J
1177 1249 1334 1288 ohanne
1372 1248 1454 1287 filio
1494 1249 1673 1296 Roberti,

150 1307 331 1346 Martino
369 1306 419 1345 de
456 1306 673 1354 Pateshall,
718 1306 866 1344 Briano
905 1305 956 1344 de
994 1304 1142 1352 Insula,
1182 1303 1387 1342 Willelmo
1429 1302 1479 1341 de
1523 1302 1674 1351 Insula,

151 1360 325 1400 Ricardo
355 1360 506 1408 Duket,
539 1360 782 1399 Justiciariis
824 1391 834 1399 .
879 1389 889 1399 .
935 1390 944 1398 .
989 1357 1103 1397 Inter
1139 1358 1353 1409 Rogerum‚
1386 1356 1591 1395 Abbatem
1625 1356 1675 1395 de

151 1415 345 1463 Rievalle,
379 1419 624 1466 querentem,
662 1420 702 1453 et
728 1412 946 1452 Ricardum
980 1411 1065 1466 [de]
1099 1412 1340 1463 Sproxtona‚
1373 1410 1674 1458 deforciantem,

150 1469 202 1508 de
233 1469 462 1508 communia
490 1469 601 1508 bosci
630 1469 672 1506 in
706 1467 807 1516 Grif,
835 1467 944 1505 unde
967 1466 1075 1506 idem
1098 1466 1237 1505 Abbas
1265 1469 1431 1517 questus
1459 1465 1539 1504 fuit
1567 1464 1677 1516 quod

151 1523 368 1575 praedictus
400 1523 598 1562 Ricardus
631 1522 781 1573 injuste
816 1521 1003 1573 exigebat
1036 1533 1290 1560 communam
1323 1520 1366 1558 in
1400 1519 1519 1558 bosco
1552 1519 1677 1570 ipsius

151 1578 326 1617 Abbatis
359 1576 408 1615 de
440 1577 541 1625 Grif,
577 1576 733 1615 desicut
764 1576 872 1615 idem
904 1575 1043 1614 Abbas
1068 1574 1222 1613 nullam
1251 1587 1505 1613 communam
1534 1573 1678 1612 habuit

152 1633 194 1670 in
222 1632 342 1671 bosco
370 1631 495 1682 ipsius
525 1630 688 1669 Ricardi
707 1630 756 1669 de
785 1630 1026 1681 Sproxtona,
1048 1642 1120 1667 nec
1148 1629 1256 1667 idem
1276 1628 1472 1667 Ricardus
1493 1627 1530 1666 ei
1558 1628 1679 1666 servi—

152 1687 255 1724 tium
283 1685 380 1724 fecit
409 1698 532 1736 quare
561 1698 814 1724 communam
842 1684 990 1723 habere
1019 1683 1161 1722 debuit
1188 1683 1229 1721 in
1262 1682 1455 1733 praedicto
1484 1682 1603 1721 bosco
1626 1682 1677 1721 de

154 1739 246 1778 Grif
259 1755 269 1788 3
298 1744 339 1778 et
359 1739 466 1778 unde
494 1739 689 1790 placitum
716 1739 798 1777 fuit
825 1738 932 1777 inter
955 1751 1021 1777 eos
1051 1738 1093 1776 in
1123 1736 1263 1776 eadem
1284 1735 1545 1776 Curia—scil.
1567 1736 1678 1787 quod

152 1794 366 1845 praedjctus
385 1793 524 1832 Abbas
545 1807 617 1844 pro
637 1806 678 1832 se
699 1797 739 1832 et
759 1792 1047 1832 successoribus
1068 1791 1149 1830 suis
1168 1791 1402 1842 recognovit
1422 1795 1463 1830 et
1483 1791 1679 1830 concessit

152 1847 284 1887 eidem
303 1847 477 1895 Ricardo
497 1853 538 1887 et
566 1847 792 1886 haeredibus
811 1847 893 1885 suis
923 1859 1178 1885 communam
1206 1845 1247 1883 in
1276 1845 1468 1895 praedicto
1487 1845 1606 1884 bosco
1626 1845 1676 1883 de

152 1902 260 1941 Griff
275 1902 317 1940 in
332 1902 463 1940 forma
478 1901 855 1953 subscripta—scil„
873 1900 981 1951 quod
1000 1899 1215 1951 praedictus
1231 1899 1426 1938 Ricardus
1442 1904 1483 1938 et
1498 1898 1676 1938 haeredes

151 1957 214 1995 sui
234 1969 306 2007 per
324 1956 457 1994 visum
476 1960 517 1994 et
536 1955 818 1995 liberationem
837 1954 1141 1993 forestariorum
1156 1953 1328 1992 Abbatis
1349 1958 1390 1992 et
1405 1966 1677 1992 successorum

152 2009 333 2061 ejusdem
361 2009 546 2057 habeant,
569 2010 731 2061 quando
761 2014 801 2048 et
821 2009 1008 2060 quotiens
1029 2021 1129 2059 opus
1157 2007 1292 2055 fuerit,
1313 2007 1355 2046 in
1385 2007 1527 2046 eodem
1555 2007 1676 2046 bosco

151 2065 374 2103 necessaria
395 2064 446 2102 ad
466 2069 655 2115 stagnum
674 2063 896 2102 molendini
915 2063 965 2102 de
986 2062 1217 2114 Sproxtona
1236 2061 1465 2100 faciendum
1486 2066 1527 2100 et
1546 2075 1677 2113 repar-

152 2118 315 2166 andum,
337 2118 379 2156 in
398 2118 469 2157 illo
488 2118 575 2157 loco
595 2122 756 2156 tantum
776 2117 846 2168 qui
866 2117 1096 2156 continetur
1115 2116 1222 2154 infra
1249 2121 1377 2154 metas
1407 2115 1650 2167 subscriptas
1666 2131 1674 2155 :

151 2172 233 2211 scil.
252 2185 373 2222 super
385 2172 515 2222 ripam
529 2171 676 2225 [fluvii]
693 2185 780 2223 quae
795 2176 963 2210 vocatur
977 2171 1064 2219 Ria,
1082 2169 1223 2208 subtus
1242 2170 1408 2209 boscum
1424 2170 1492 2221 qui
1507 2175 1675 2209 vocatur

151 2226 362 2274 Milneclif,
384 2231 425 2265 et
436 2226 479 2264 in
494 2225 635 2265 eodem
649 2226 768 2264 bosco
787 2225 837 2263 de
858 2225 1056 2264 Milneclif
1074 2225 1180 2263 inter
1198 2225 1364 2264 boscum
1379 2224 1429 2263 de
1443 2224 1676 2276 Helmesley

153 2285 195 2320 et
214 2280 379 2332 planum
399 2284 597 2318 assartum
616 2293 753 2319 versus
773 2279 1044 2318 occidentem:
1073 2279 1139 2317 Ita
1158 2278 1267 2330 quod
1287 2292 1368 2318 non
1387 2278 1525 2318 licebit
1544 2278 1674 2318 eidem

151 2334 326 2374 Ricardo
346 2338 387 2373 et
398 2334 623 2373 haeredibus
640 2334 721 2372 suis
734 2333 784 2372 ad
796 2333 1033 2384 praedictum
1048 2337 1235 2384 stagnum
1246 2332 1474 2372 faciendum
1490 2337 1531 2372 et
1545 2346 1676 2384 repar-

151 2388 305 2427 andum
335 2401 473 2439 capere
506 2401 685 2439 quercus,
721 2388 839 2436 hws‚1
873 2387 1051 2426 arables2
1076 2387 1140 2426 vel
1173 2387 1328 2426 frenesss
1354 2387 1398 2425 in
1422 2387 1527 2425 ulla4
1559 2392 1673 2439 parte

153 2443 279 2482 totius
307 2442 489 2493 praedicti
516 2442 625 2481 bosci
651 2442 701 2480 de
731 2441 834 2489 Grif,
863 2447 926 2481 set
945 2441 994 2481 de
1015 2441 1197 2493 quolibet
1226 2441 1303 2481 alio
1331 2455 1477 2493 genere
1506 2441 1674 2480 aliarum

152 2497 341 2536 arborum
361 2496 543 2547 ejusdem
562 2496 679 2535 bosci.
740 2496 794 2534 Et
812 2509 885 2547 pro
897 2496 972 2534 hac
987 2496 1239 2535 concessione
1254 2496 1362 2535 idem
1376 2495 1582 2544 Ricardus,
1601 2509 1674 2547 pro

153 2564 195 2590 se
212 2555 253 2589 et
267 2550 493 2589 haeredibus
509 2550 601 2598 suis,
619 2549 734 2589 dedit
749 2555 790 2589 et
805 2550 1000 2589 concessit
1019 2549 1210 2602 praedicto
1225 2549 1379 2589 Abbati
1399 2555 1440 2589 et
1459 2563 1675 2588 successor-

153 2605 243 2644 ibus
264 2605 346 2643 suis
364 2618 488 2643 unam
508 2604 707 2643 culturam
727 2604 1020 2653 terrae-illam,
1044 2604 1138 2652 sciL,
1161 2618 1249 2655 quae
1274 2604 1382 2655 jacet
1409 2604 1674 2655 propinquior

152 2658 340 2698 bercariae
368 2658 493 2710 ipsius
521 2658 695 2698 Abbatis
723 2658 774 2697 de
804 2658 1008 2709 Sproxton
1038 2672 1088 2697 ex
1116 2664 1229 2709 parte
1258 2658 1455 2706 orientali,
1488 2663 1528 2697 et
1556 2658 1674 2709 juxta

198 2745 210 2764 ¹
234 2746 271 2778 It
287 2746 316 2777 is
333 2745 484 2777 difficult
506 2748 544 2778 to
562 2745 758 2778 determine
775 2745 872 2777 what
999 2745 1012 2765 ²
1035 2746 1132 2778 Most
1159 2745 1272 2787 likely
1299 2745 1417 2777 arbele
1446 2756 1484 2777 or
1512 2745 1619 2784 arbel,
1653 2756 1674 2776 a

156 2789 245 2820 kind
271 2789 307 2820 oi
337 2792 412 2821 tree
438 2789 468 2821 is
495 2793 614 2821 meant
646 2789 738 2821 here.
799 2789 872 2821 The
955 2789 1089 2831 speeies
1105 2789 1141 2821 of
1155 2789 1288 2831 poplar.

155 2832 254 2864 word
273 2833 303 2864 is
325 2832 461 2874 plainly
476 2832 630 2865 written.
680 2833 754 2864 The
777 2832 872 2864 haw-
996 2832 1009 2852 3
1033 2832 1162 2864 Frenes
1173 2833 1202 2864 is
1212 2831 1521 2864 aFrenchwordin
1531 2831 1670 2873 reahty,

155 2876 274 2915 thorn,
294 2875 407 2908 called
426 2878 447 2892 “
460 2876 539 2907 haw
551 2876 568 2890 '⁵
593 2877 630 2908 in
654 2887 749 2908 some
772 2878 872 2918 parts
955 2875 1025 2907 and
1041 2875 1185 2908 derived
1201 2876 1291 2908 from
1314 2876 1420 2907 Latin
1428 2876 1608 2916 fluximus,
1628 2886 1672 2907 an

154 2919 194 2951 of
216 2919 278 2951 the
302 2919 480 2962 kingdom,
508 2930 573 2952 can
599 2920 727 2962 hardly
750 2919 794 2952 be
821 2919 871 2951 in·
955 2919 1030 2952 ash.

156 2962 298 2995 tended.
999 2963 1011 2982 ⁴
1035 2962 1157 2996 Nulla.
