2033 3242
349 239 371 274 2
381 236 402 275 7
409 237 432 274 8
788 243 1104 276 CARTULARIUM
1133 242 1445 274 RIEVALLENSE.

350 349 463 391 valle
485 349 538 390 de
559 349 697 391 tribus
718 349 886 391 bovatis
908 347 1082 403 [terrae],
1103 361 1201 388 cum
1221 347 1508 401 pertinenciis,
1525 348 1571 388 in
1593 349 1730 389 Parva
1752 348 1860 389 Bus-

349 408 476 449 kebia
490 407 504 431 1
526 408 572 448 in
595 407 836 461 Clyueland
857 420 956 448 cum
975 406 1098 446 tostis
1120 409 1162 446 et
1187 405 1336 446 croftis
1357 409 1400 446 et
1421 406 1620 447 omnibus
1641 406 1861 460 pertinen-

349 466 427 507 ciis
445 483 452 506 :
474 466 765 506 Donationem
779 465 910 505 etiam
927 468 970 505 et
985 463 1301 504 concessionem
1316 467 1359 504 et
1375 464 1739 505 confirmationem
1753 477 1861 518 quas

349 523 501 564 SibiHa
533 523 623 564 filia
657 522 870 564 Willelnii
898 522 940 563 ]e
973 522 1264 562 Nounneman
1304 534 1380 575 per
1411 525 1571 563 cartam
1601 536 1724 563 suam
1756 522 1862 563 fecit

346 582 440 622 Deo
477 585 520 622 et
552 581 599 621 B.
635 580 799 630 Mariae,
832 585 875 621 et
912 579 1077 620 Abbati
1112 583 1154 620 et
1188 579 1410 620 monachis
1442 580 1669 633 praedictis,
1690 580 1742 621 de
1773 594 1861 621 una

346 640 500 680 bovata
522 643 656 688 terrae,
677 652 776 679 cum
796 638 905 679 tofto
928 641 971 679 et
992 637 1137 687 crofto,
1158 641 1200 678 et
1231 637 1430 678 omnibus
1457 638 1734 690 pertinenciis
1756 638 1859 690 suis,

344 698 389 737 in
413 696 562 738 eadem
583 696 711 738 villa:
740 696 1032 737 Donationem
1062 695 1250 748 insuper,
1271 695 1565 736 remissionem
1596 700 1638 737 et
1668 696 1860 750 quietam

344 754 626 796 clamanciam
647 768 753 808 quas
773 754 992 795 Walterus
1014 753 1066 794 de
1087 753 1302 807 Moubray
1323 767 1399 807 per
1430 756 1590 794 cartam
1611 768 1734 794 suam
1755 754 1860 795 fecit

344 813 438 853 Deo
470 845 478 854 .
511 846 520 854 .
552 845 560 853 .
593 812 646 853 de
666 816 758 853 toto
784 812 880 866 jure
901 816 943 852 et
975 811 1137 852 61611160
1158 825 1254 865 quae
1275 811 1428 852 habuit
1449 811 1518 852 vel
1537 811 1694 853 habere
1714 812 1860 866 potuit

343 871 389 911 in
419 870 599 911 dimidia
629 875 826 911 carucata
855 875 991 919 terrae,
1023 883 1121 915 cum
1151 869 1439 923 pertinenciis,
1469 869 1516 909 in
1547 869 1695 911 eadem
1725 869 1859 911 villa:

342 928 634 969 Donationem
656 932 698 969 et
719 928 1036 969 concessionem
1058 932 1101 968 et
1122 927 1490 968 confirmationem
1511 941 1616 981 quas
1637 928 1667 968 J
1670 928 1861 969 ohannes

343 987 450 1039 May
471 990 513 1027 et
546 987 744 1035 Mariota,
765 1000 874 1026 uxor
895 987 999 1040 ejus,
1035 999 1110 1039 per
1140 989 1300 1026 cartam
1336 999 1458 1025 suam
1478 985 1672 1026 fecerunt
1701 986 1795 1026 Deo
1817 990 1861 1026 et

344 1044 391 1086 B.
413 1044 566 1086 Mariae
587 1048 631 1086 et
650 1045 815 1085 Abbati
836 1047 879 1085 613
899 1043 1120 1084 monachis
1141 1042 1358 1098 praedictis
1376 1043 1428 1084 de
1444 1057 1531 1083 una
1550 1044 1708 1084 bovata
1728 1047 1863 1093 terrae,

344 1116 443 1143 cum
464 1103 574 1143 tofto
605 1106 648 1144 et
680 1103 827 1151 crofto,
858 1107 902 1143 et
933 1102 1132 1143 omnibus
1162 1101 1456 1155 pertinenciiS,
1477 1101 1524 1141 in
1556 1101 1705 1142 eadem
1735 1101 1865 1142 villa:

342 1160 635 1202 Donationem
670 1161 859 1215 insuper,
908 1160 1224 1201 concessionem
1265 1163 1309 1200 613
1350 1159 1718 1200 confirmationem
1754 1172 1861 1214 quas

343 1218 582 1260 Gaufridus
622 1219 676 1260 de
716 1219 884 1272 Toreny
924 1232 1000 1272 per
1041 1221 1202 1259 cartam
1252 1231 1374 1258 suam
1415 1218 1517 1258 fecit
1560 1218 1654 1258 Deo
1687 1250 1694 1258 .
1726 1250 1734 1258 .
1769 1250 1778 1259 .
1810 1217 1863 1258 de

342 1277 541 1318 omnibus
581 1276 833 1326 redditibus,
873 1277 998 1317 terris
1039 1279 1083 1316 et
1123 1275 1288 1316 tenuris
1329 1289 1435 1329 quas
1476 1276 1505 1317 J
1509 1275 1699 1316 ohannes
1747 1275 1863 1316 filius

342 1334 517 1375 Ricardi
553 1334 604 1376 (16
636 1335 813 1388 Toreny,
845 1348 976 1387 nepos
1009 1347 1123 1384 suus,
1156 1334 1237 1374 sibi
1271 1333 1391 1374 dedit
1421 1333 1468 1373 in
1490 1333 1752 1374 escambium
1782 1346 1861 1387 pro

340 1396 454 1434 terra
475 1406 552 1433 sua
587 1392 633 1432 in
668 1393 816 1433 eadem
836 1392 953 1442 villa,
975 1396 1018 1433 et
1048 1392 1100 1433 de
1130 1405 1218 1432 una
1247 1391 1404 1432 bovata
1434 1396 1568 1443 terrae,
1599 1405 1699 1432 cum
1729 1391 1862 1446 perti-

338 1450 516 1499 nenciis,
531 1451 578 1490 in
594 1451 732 1491 Parva
748 1451 961 1491 Broctona
977 1465 985 1491 :
1009 1450 1337 1491 Concessionem
1351 1449 1482 1490 etiarn
1496 1463 1626 1503 quam
1639 1451 1669 1491 J
1672 1449 1864 1491 ohannes

338 1508 453 1549 filius
484 1508 662 1549 Roberti
693 1508 745 1549 de
776 1509 970 1549 Pothoue
1001 1522 1075 1562 per
1105 1508 1313 1561 scriptum
1344 1521 1471 1548 suum
1502 1507 1604 1548 fecit
1634 1508 1799 1548 Abbati
1820 1511 1864 1548 et

340 1566 562 1607 monachis
583 1566 801 1620 praedictis
823 1567 876 1607 de
897 1580 1040 1607 annuo
1061 1566 1234 1606 redditu
1256 1569 1350 1606 octo
1375 1565 1608 1606 solidorum
1629 1565 1676 1606 in
1697 1566 1860 1620 Magna

342 1624 584 1665 Buskebia:
633 1624 927 1665 Donationem
965 1624 1155 1678 insuper,
1196 1623 1513 1664 concessionem
1555 1629 1598 1665 et
1639 1624 1859 1664 confirma-

338 1683 502 1723 tionem
524 1696 630 1736 quas
652 1682 887 1723 Gaufridus
908 1682 949 1723 le
970 1682 1074 1723 Bret
1094 1682 1147 1723 de
1168 1681 1405 1722 Karletona
1425 1682 1471 1721 in
1494 1681 1733 1735 Clyveland
1764 1715 1772 1723 .
1807 1715 1816 1724 .
1848 1714 1857 1722 .

339 1740 443 1781 fecit
473 1741 568 1781 Deo
598 1774 606 1782 .
639 1774 648 1781 .
681 1774 689 1781 .
722 1740 774 1784 de
809 1740 948 1781 tribus
984 1740 1152 1781 bovatis
1187 1743 1323 1788 terrae,
1356 1753 1455 1780 cum
1490 1740 1781 1793 pertinenciis,
1811 1739 1858 1780 in

337 1798 599 1840 Karletona:
645 1798 938 1840 Donationem
973 1801 1015 1839 et
1051 1798 1367 1839 concessionem
1406 1802 1449 1838 et
1490 1797 1859 1838 confirmationem

340 1870 447 1910 quas
483 1857 598 1897 idem
645 1856 880 1897 Gaufridus
911 1889 919 1897 .
951 1889 959 1897 .
992 1889 1000 1897 .
1033 1855 1137 1897 fecit
1179 1855 1272 1896 Deo
1304 1888 1312 1896 .
1345 1888 1352 1896 .
1387 1888 1394 1895 .
1427 1855 1479 1896 (16
1519 1859 1610 1896 tota
1659 1859 1774 1896 terra
1815 1859 1858 1896 et

339 1917 477 1968 prato,
498 1928 597 1955 cum
617 1914 908 1969 pertinenciis,
929 1927 1025 1968 quae
1044 1913 1197 1955 habuit
1218 1914 1265 1953 in
1286 1913 1505 1967 Langeflat
1525 1913 1572 1953 in
1593 1913 1831 1954 Kal-letona
1848 1929 1857 1954 ε

339 1973 632 2013 Donationem
660 1972 848 2027 insuper,
879 2006 887 2013 .
920 2005 928 2014 .
961 2005 969 2013 .
1002 1985 1108 2026 quas
1139 1971 1288 2012 Simon
1317 1971 1433 2011 filius
1465 1971 1664 2012 Gaufridi
1684 1971 1725 2012 16
1752 1971 1857 2012 Bret

340 2031 393 2072 de
434 2031 670 2072 Karletona
710 2031 756 2071 in
798 2030 1037 2084 Clyveland
1082 2063 1090 2071 .
1135 2062 1144 2071 .
1176 2062 1185 2070 .
1233 2029 1337 2070 fecit
1377 2029 1470 2070 Deo
1501 2062 1509 2071 .
1541 2063 1550 2072 .
1583 2061 1592 2070 .
1625 2029 1677 2070 (16
1717 2029 1857 2070 tribus

342 2089 510 2129 bovatis
531 2094 666 2138 terrae,
687 2102 786 2129 cuin
815 2088 1104 2143 pertinenciis,
1135 2087 1182 2128 in
1211 2087 1415 2142 praedicta
1446 2087 1710 2128 Karletona:
1744 2087 1856 2129 Gon·

342 2146 578 2187 cessionem
614 2147 745 2188 etiam
781 2151 824 2188 et
856 2147 1223 2188 confirmationem
1260 2159 1366 2199 quas
1397 2144 1580 2186 Thomas
1614 2145 1666 2186 de
1706 2145 1853 2186 Hurd-

342 2203 505 2245 worthe
537 2237 544 2245 .
578 2237 587 2247 .
621 2237 628 2245 .
664 2205 767 2246 fecit
797 2205 892 2246 Deo
922 2237 931 2246 .
964 2238 972 2246 .
1006 2236 1014 2246 .
1047 2204 1100 2245 de
1131 2203 1310 2244 dimidia
1346 2207 1543 2244 carucata
1582 2206 1717 2253 terrae,
1753 2217 1853 2245 cum

339 2262 459 2303 tostis
481 2265 524 2303 et
559 2262 717 2312 croftis,
738 2276 836 2303 611111
867 2262 1156 2316 pertinenciis,
1190 2262 1237 2301 in
1273 2261 1522 2310 Karletona,
1555 2265 1734 2315 excepta
1769 2275 1855 2302 una

344 2333 442 2361 acra
493 2323 535 2361 et
590 2320 768 2361 dimidia
829 2325 963 2370 terrae,
1014 2325 1057 2362 et
1117 2320 1169 2360 de
1219 2333 1363 2360 annuo
1432 2319 1604 2360 redditu
1665 2319 1855 2360 dimidiae

341 2391 494 2418 marcae
531 2379 695 2432 argenti
731 2379 776 2418 in
812 2378 994 2419 Jarum:
1043 2377 1371 2419 Concessionem
1411 2377 1588 2431 insuper
1620 2382 1662 2418 et
1699 2377 1851 2418 confir-

343 2435 576 2476 mationem
617 2449 724 2489 quas
765 2437 1010 2490 Stephanus
1051 2436 1102 2477 de
1144 2435 1284 2476 Menil
1315 2468 1323 2477 .
1355 2468 1363 2476 .
1396 2468 1404 2476 .
1437 2435 1539 2476 fecit
1588 2435 1682 2476 Deo
1729 2468 1737 2476 .
1787 2468 1796 2476 .
1844 2468 1852 2476 .

342 2493 396 2534 de
455 2493 594 2534 tribus
653 2494 820 2535 bovatis
881 2498 1003 2535 terrae
1062 2494 1108 2534 in
1169 2493 1418 2542 Karletona,
1469 2506 1568 2533 611111
1627 2493 1748 2534 tostis
1809 2498 1852 2534 613

342 2551 489 2592 croftis
520 2555 563 2592 et
584 2552 782 2593 omnibus
812 2552 1100 2606 pertinenciis,
1131 2565 1236 2604 quas
1267 2550 1512 2591 habuerunt
1543 2564 1595 2591 ex
1622 2551 1852 2592 donatione

339 2608 528 2650 Simonis
549 2609 629 2649 filii
650 2609 849 2650 Gausridi
861 2610 901 2651 16
917 2611 1019 2651 Bret
1040 2610 1092 2651 de
1110 2609 1367 2650 Karletona:
1399 2608 1688 2650 Donationem
1709 2609 1854 2658 etiam,

338 2698 348 2707 .
383 2699 391 2707 .
423 2698 432 2707 .
465 2680 572 2721 quas
619 2667 840 2708 Johannes
886 2667 938 2709 de
980 2668 1125 2709 Semer
1155 2699 1162 2707 .
1197 2700 1205 2708 .
1238 2698 1246 2707 .
1280 2666 1383 2707 fecit
1422 2666 1517 2707 Deo
1548 2699 1556 2707 .
1588 2699 1596 2707 .
1629 2699 1638 2707 .
1670 2667 1722 2707 de
1764 2680 1851 2707 uno

336 2724 448 2765 tofto
469 2738 568 2766 cum
590 2725 733 2774 crofto,
755 2739 854 2766 cum
884 2725 1172 2779 pertinenciis,
1192 2725 1238 2764 in
1262 2724 1488 2765 Carietona
1518 2724 1563 2764 in
1586 2723 1825 2778 Clyveland
1843 2741 1851 2765 :

339 2781 668 2823 Concessionem
707 2783 883 2836 insuper
913 2788 955 2824 et
997 2782 1363 2824 confirmationem
1395 2795 1501 2835 quas
1531 2782 1767 2823 Nicholaus
1799 2781 1851 2822 de

338 2839 493 2890 Menil,
525 2840 640 2882 filius
677 2841 886 2895 Stephani
922 2841 973 2881 de
1010 2841 1160 2889 Menil,
1192 2873 1200 2881 .
1234 2873 1241 2881 .
1273 2873 1280 2880 .
1315 2840 1417 2880 fecit
1437 2839 1531 2880 Deo
1563 2873 1571 2881 .
1605 2872 1613 2881 .
1646 2873 1654 2881 .
1687 2840 1738 2881 de
1759 2843 1851 2880 tota

888 2913 900 2933 ¹
927 2915 1084 2947 Written
1102 2913 1284 2946 Duslcebia.
