2033 3242
401 273 483 310 410
835 284 1147 314 CARTULARIUM
1169 283 1473 313 RIEVALLENSE.

401 397 538 424 eorum
558 386 683 433 sociis,
706 386 858 425 civibus
877 391 918 426 et
938 386 1224 425 mercatoribus
1244 386 1471 434 Floreneiae,
1493 386 1535 425 in
1564 390 1725 425 centum
1745 382 1910 436 quadra-

401 439 514 489 ginta
528 445 570 478 et
584 446 755 491 quatuor
770 442 911 479 marcis
925 441 1133 489 bonorum,
1151 454 1346 480 novorum
1359 446 1400 480 et
1412 440 1599 492 legalium
1614 440 1906 490 sterlingorum,

403 493 614 532 tresdecim
643 494 779 532 solidis
810 499 851 533 et
882 500 1055 545 quatuor
1083 495 1256 534 denariis
1290 495 1468 546 qualibet
1496 508 1628 533 marca
1656 491 1909 544 computatis,

403 552 445 585 et
476 547 518 585 in
552 548 681 586 tribus
714 549 836 587 saccis
874 554 915 587 et
947 548 1115 587 dimidio
1147 549 1262 588 bonae
1300 549 1400 587 lanae
1438 548 1592 587 Domus
1624 554 1770 587 nostrae
1807 546 1910 585 bene

402 600 572 649 brisatae,
594 608 824 652 praeparatae
844 607 885 641 et
904 603 1144 653 ponderatae,
1163 602 1381 641 secundum
1396 616 1513 641 usum
1529 608 1569 640 et
1584 600 1910 640 consuetudinem

403 654 557 694 Domus
586 656 808 706 praedictae:
840 656 946 704 Quas
967 657 1141 707 quidem,
1172 670 1243 708 per
1271 657 1530 704 taxationem,
1562 661 1723 695 centum
1743 653 1910 706 quadra-

403 708 515 758 ginta
544 715 585 747 et
604 715 777 760 quatuor
804 723 955 749 marcas
984 711 1277 762 sterlingorum,
1301 716 1341 749 et
1369 710 1580 762 praedictos
1608 715 1690 748 tres
1719 722 1850 748 saccos
1870 713 1912 746 et

404 762 616 802 dimidium
650 763 751 802 lanae
782 765 1064 815 promittimus,
1100 771 1141 803 et
1171 769 1366 813 tenemur,
1399 777 1470 815 per
1500 763 1720 815 legitimam
1749 761 1911 813 stipula-

404 816 565 864 tionem,
597 817 749 856 solvere
778 823 820 857 et
839 818 1059 857 deliberare
1080 818 1195 857 dictis
1223 818 1520 866 mercatoribus,
1542 817 1606 856 vel
1633 817 1705 856 uni
1724 814 1911 869 [eorum]‚

405 876 474 908 aut
507 884 645 909 eorum
679 877 788 910 certo
821 873 964 911 nuntio
1002 873 1073 911 has
1112 873 1267 911 litteras
1300 872 1511 920 deferenti,
1555 872 1597 910 in
1639 870 1830 909 nundinis
1870 869 1907 907 S.

405 924 555 963 Botulfi
589 925 697 975 apud
732 926 771 965 S.
806 926 1016 965 Botulfum
1048 926 1155 965 infra
1186 940 1312 965 unum
1345 939 1524 965 mensem
1560 925 1788 977 proximum
1821 929 1914 975 post

404 978 554 1017 festum
582 979 820 1018 Nativitatis
841 980 878 1019 S.
901 980 928 1018 J
931 981 1099 1019 ohannis
1128 981 1332 1032 Baptistae,
1356 981 1403 1019 A.
1421 980 1469 1018 D.
1492 979 1553 1018 Μ0
1569 984 1625 1018 cc⁰
1658 979 1910 1029 octogesimo,

406 1032 491 1071 sine
510 1033 699 1072 ulteriore
720 1034 923 1074 dilatione.
974 1034 1016 1073 Si
1035 1047 1131 1073 vero
1151 1034 1258 1073 dicta
1278 1034 1447 1085 pecunia
1466 1039 1507 1072 et
1526 1033 1634 1071 dicta
1652 1032 1744 1071 lana
1763 1031 1913 1070 eisdem

405 1087 704 1135 mercatoribus,
741 1089 844 1127 sicut
881 1089 1035 1127 dictum
1068 1094 1138 1136 est,
1176 1089 1377 1140 praedictis
1415 1088 1501 1126 loco
1536 1094 1576 1126 et
1609 1087 1792 1134 termino,
1831 1098 1913 1124 non

406 1141 530 1179 fuerit
549 1142 705 1193 integre
726 1142 928 1193 persoluta
947 1148 987 1181 et
1007 1142 1174 1191 reddita,
1198 1156 1248 1181 ex
1268 1148 1364 1181 tunc
1384 1142 1425 1180 in
1445 1146 1573 1188 antea,
1597 1140 1756 1179 nomine
1776 1144 1915 1178 nostro

406 1199 447 1233 et
466 1195 703 1234 Monasterii
730 1197 868 1245 nostri,
891 1196 1162 1247 promittimus
1182 1202 1222 1235 et
1250 1201 1434 1235 tenemur
1453 1209 1523 1247 per
1542 1194 1774 1246 praedictam
1793 1193 1916 1244 stipu-

407 1248 598 1287 lationem
627 1249 721 1288 dare
751 1256 791 1288 et
820 1250 971 1290 solvere
1001 1250 1118 1289 dictis
1147 1251 1444 1297 mercatoribus,
1476 1249 1539 1288 vel
1568 1249 1637 1287 uni
1666 1260 1816 1294 eorum,
1845 1252 1915 1285 aut

407 1316 545 1341 eorum
566 1309 673 1342 certo
702 1304 854 1351 nuntio,
878 1318 948 1356 per
967 1304 1144 1355 singulos
1164 1305 1264 1343 duos
1293 1318 1459 1352 menses,
1482 1317 1554 1355 pro
1583 1302 1749 1354 singulis
1778 1301 1914 1340 decem

408 1357 549 1395 marcis
569 1357 780 1408 praedictis,
796 1372 917 1397 unam
932 1372 1105 1397 marcam
1121 1358 1237 1397 dictae
1258 1363 1428 1397 monetae
1448 1371 1520 1409 pro
1535 1355 1913 1408 recompensatione,

407 1410 599 1449 interesse
620 1417 661 1449 et
680 1413 875 1462 expensis,
896 1418 935 1451 et
951 1426 1146 1463 expensas
1160 1413 1277 1451 unius
1293 1412 1536 1458 mercatoris,
1554 1424 1643 1449 cum
1657 1423 1738 1448 uno
1753 1421 1855 1460 equo
1876 1413 1918 1447 et

408 1465 617 1513 serviente,
635 1465 861 1517 ubicunque
876 1467 997 1505 fuerit
1017 1472 1223 1514 mercator,
1245 1480 1371 1517 usque
1391 1466 1441 1505 ad
1461 1466 1658 1516 integram
1677 1464 1916 1502 solutionem

410 1519 534 1557 totius
554 1520 730 1570 pecuniae
751 1526 989 1567 memoratae,
1013 1526 1053 1559 et
1073 1521 1172 1559 lanae
1193 1520 1441 1571 supradictae,
1464 1527 1504 1558 et
1534 1532 1727 1570 expensas
1756 1518 1918 1567 insuper

409 1573 534 1611 factas
550 1579 591 1611 et
605 1574 804 1612 faciendas
820 1581 903 1612 tam
922 1574 963 1612 in
983 1574 1132 1625 judicio
1152 1588 1268 1625 quam
1291 1580 1405 1613 extra
1425 1573 1621 1625 judicium
1641 1586 1712 1624 pro
1728 1570 1919 1622 praedicta

411 1627 578 1678 pecunia
616 1633 657 1666 et
695 1627 802 1665 dicta
834 1628 925 1666 lana
963 1629 1243 1679 recuperanda,
1282 1628 1494 1667 reddemus
1529 1633 1570 1666 et
1607 1625 1919 1665 restaurabimus

410 1681 559 1720 eisdem
578 1682 876 1728 mercatoribus,
899 1695 1017 1732 super
1036 1683 1182 1733 quibus
1210 1682 1387 1721 creditur
1406 1682 1472 1729 eis,
1496 1681 1558 1720 vel
1579 1680 1649 1718 uni
1679 1693 1826 1726 eorum,
1850 1684 1920 1717 aut

411 1748 547 1773 eorum
576 1736 720 1773 nuntio
749 1749 820 1786 per
840 1736 1009 1787 simplex
1029 1736 1195 1774 verbum
1224 1749 1340 1774 suum
1371 1742 1539 1782 tantum,
1571 1735 1656 1772 sine
1676 1734 1915 1784 juramento,

411 1794 451 1827 et
471 1789 548 1828 alia
567 1789 812 1840 probatione.
871 1790 955 1828 Nec
975 1790 1294 1841 computabimus
1323 1789 1449 1828 dictas
1478 1801 1671 1839 expensas
1700 1787 1742 1825 in
1771 1791 1919 1825 sortem

411 1842 509 1881 dicti
543 1842 682 1891 debiti,
715 1857 786 1882 nec
818 1844 1078 1882 retinebimus
1116 1843 1351 1894 praedictum
1389 1843 1569 1882 debitum
1608 1842 1681 1880 sub
1719 1844 1918 1892 praetextu

411 1898 789 1948 recompensationis
810 1898 1008 1949 praedictae
1024 1903 1161 1937 contra
1176 1897 1426 1936 voluntatem
1441 1897 1639 1935 dictorum
1654 1899 1919 1934 mercatorum

412 1950 519 1989 ultra
556 1952 772 1990 terminum
820 1952 1066 2003 praedictum.
1150 1951 1228 1990 Pro
1267 1951 1411 2002 quibus
1455 1950 1638 1989 omnibus
1676 1954 1717 1987 et
1754 1947 1921 1999 singulis

413 2005 626 2044 antedictis
646 2005 814 2044 firmiter
828 2012 868 2044 et
888 2006 1059 2044 fideliter
1075 2006 1331 2044 observandis
1347 2011 1387 2043 et
1407 2003 1682 2055 adimplendis,
1698 2002 1920 2053 obligamus

412 2072 484 2097 nos
505 2064 545 2097 et
565 2059 855 2098 Monasterium
875 2065 1069 2107 nostrum,
1092 2065 1132 2098 et
1151 2072 1394 2098 successores
1414 2064 1584 2105 nostros,
1605 2062 1646 2096 et
1665 2056 1799 2095 omnia
1817 2056 1922 2094 bona

413 2118 560 2160 nostra,
583 2118 624 2152 et
644 2114 879 2152 Monasterii
908 2114 1035 2152 nostri
1065 2119 1105 2152 et
1134 2127 1402 2152 successorum
1430 2117 1669 2158 nostrorum,
1700 2109 1862 2149 mobilia
1882 2114 1923 2147 et

413 2167 643 2215 immobilia,
666 2168 877 2218 praesentia
897 2173 937 2206 et
953 2168 1100 2215 futura,
1123 2167 1386 2206 ecclesiastica
1406 2172 1447 2205 et
1465 2165 1678 2211 mundana,
1694 2164 1920 2214 ubicunque

414 2220 566 2259 fuerint
591 2221 768 2269 inventa,
790 2221 908 2260 dictis
937 2222 1222 2260 mercatoribus
1252 2227 1292 2260 et
1321 2234 1457 2260 eorum
1486 2220 1599 2259 sociis
1619 2233 1663 2258 ac
1684 2217 1918 2262 haeredibus,

414 2287 541 2325 usque
562 2274 612 2313 ad
633 2276 830 2326 integram
851 2275 1090 2313 solutionem
1112 2276 1290 2314 omnium
1311 2275 1603 2326 praedictorum,
1627 2271 1924 2311 Renunciantes

415 2328 456 2366 in
490 2328 566 2366 hiis
600 2329 785 2368 omnibus
816 2334 856 2368 et
886 2329 1051 2380 singulis
1083 2329 1306 2376 antedictis,
1346 2342 1419 2380 pro
1451 2328 1566 2366 nobis
1604 2332 1644 2366 et
1678 2324 1924 2365 Monasterio

415 2387 562 2429 nostro,
586 2387 627 2420 et
646 2383 935 2422 successoribus
957 2383 1102 2421 nostris
1122 2384 1229 2421 omni
1249 2383 1349 2434 juris
1365 2383 1513 2420 auxilio
1534 2380 1710 2420 canonici
1726 2385 1767 2419 et
1782 2378 1921 2424 civilis,

417 2436 626 2487 privilegio
647 2437 853 2475 clericatus
873 2443 914 2475 et
933 2437 1020 2486 fori,
1043 2437 1151 2474 omni
1173 2436 1460 2475 consuetudine
1481 2441 1522 2474 et
1541 2440 1705 2481 statuto,
1741 2432 1924 2472 omnibus

415 2490 560 2528 litteris
581 2496 621 2528 et
641 2490 903 2541 indulgentiis
923 2496 964 2529 et
983 2491 1200 2542 privilegiis
1220 2505 1264 2529 ac
1279 2490 1585 2528 inhibitionibus
1602 2503 1624 2527 a
1639 2488 1741 2527 Sede
1756 2486 1925 2538 Aposto—

415 2543 500 2591 lica,
519 2548 560 2582 et
574 2557 597 2582 a
612 2544 732 2594 Regis
748 2544 868 2582 Curia
882 2545 1106 2595 impetratis
1119 2551 1159 2583 et
1174 2544 1446 2595 impetrandis,
1464 2542 1717 2581 conventioni
1731 2541 1922 2592 judicum,

417 2597 721 2636 contradictioni
750 2597 975 2636 litterarum
1008 2598 1340 2649 Apostolicarum,
1376 2596 1654 2636 constitutioni
1688 2595 1737 2634 de
1771 2593 1924 2632 duabus

418 2652 558 2690 diebus
578 2651 695 2690 editae
716 2652 756 2689 in
777 2651 955 2690 Concilio
970 2653 982 2676 1
1004 2652 1203 2698 Generali,
1226 2657 1267 2690 et
1287 2652 1512 2702 specialiter
1531 2649 1791 2701 indulgentiae
1813 2646 1925 2686 Sedis

418 2705 557 2756 Apost.
580 2705 760 2756 Anglicis
789 2719 993 2754 concessae,
1026 2719 1104 2756 qua
1134 2711 1297 2744 cavetur
1326 2719 1375 2744 ne
1405 2704 1564 2756 Anglici
1594 2709 1709 2742 extra
1737 2700 1924 2753 Angliam

419 2759 630 2797 trahantur
661 2759 711 2797 ad
743 2773 878 2797 causas
912 2773 982 2810 per
1013 2759 1168 2798 litteras
1207 2759 1322 2797 dictae
1362 2759 1500 2797 Sedis:
1539 2763 1580 2795 et
1617 2756 1800 2795 omnibus
1838 2753 1925 2792 aliis

419 2813 732 2864 exceptionibus,
763 2813 920 2863 juribus
950 2819 991 2851 et
1019 2813 1329 2859 defensionibus,
1366 2812 1639 2863 personalibus
1669 2816 1709 2848 et
1742 2808 1922 2854 realibus,

421 2880 509 2917 quae
547 2867 671 2914 nobis,
705 2867 950 2905 Monasterio
988 2873 1136 2914 nostro,
1177 2871 1218 2905 et
1255 2866 1547 2905 successoribus
1586 2864 1732 2903 nostris
1765 2866 1928 2912 possent

998 2937 1006 2955 ¹
1032 2937 1187 2969 XVritten
1205 2936 1350 2968 consilio.
