2033 3242
575 246 888 277 CARTULARIUM
908 244 1214 275 RIEVALLENSE.
1568 236 1588 271 2
1596 235 1619 271 8
1627 235 1647 272 7

139 353 236 394 aliis
256 351 381 393 rebus
403 364 499 405 quae
519 351 795 392 continentur
808 351 919 392 infra
934 355 1068 391 metas
1083 363 1179 403 quae
1199 349 1246 389 in
1267 348 1395 388 cartis
1413 347 1642 388 eorundem

139 410 445 451 monachorum
499 409 552 449 de
601 409 831 450 donatione
885 408 1079 463 praedicti
1138 407 1291 460 Rogeri
1341 405 1642 446 nominantur:

139 468 428 509 Donationem
459 499 467 506 .
501 497 508 505 .
542 499 550 507 .
584 481 689 520 quas
726 467 935 508 Robertus
971 466 1023 507 de
1064 464 1252 505 Lacelles
1284 497 1292 504 .
1327 497 1334 504 .
1367 497 1375 504 .
1409 463 1512 504 fecit
1551 463 1644 503 Deo

139 559 148 567 .
181 559 190 568 .
223 559 231 567 .
263 525 315 566 de
335 538 422 565 una
441 524 544 565 roda
573 529 706 573 terrae,
738 539 835 565 cum
865 523 1153 578 pertinenciis,
1174 536 1249 576 per
1280 521 1531 575 perticatam
1561 519 1645 560 xxti

138 583 308 638 pedum,
329 583 384 623 ad
404 582 674 623 dilatandum
690 586 854 623 curtem
875 581 1071 622 bercariae
1092 594 1179 621 suae
1200 580 1252 620 de
1273 579 1484 627 Mortona,
1502 578 1645 619 claud-

137 641 295 682 endam
316 641 475 681 fossato
500 640 571 681 vel
601 654 734 689 muro,
758 644 800 680 et
830 639 1040 680 utendum
1071 639 1182 679 sicut
1203 638 1263 678 eis
1284 637 1504 691 placuerit,
1529 640 1572 677 et
1593 636 1645 676 de

139 699 309 740 fossatis
331 699 418 739 suis
440 698 635 739 levandis
652 698 704 738 ad
719 698 900 738 viridem
917 697 1032 738 viam
1048 710 1132 750 qua
1146 696 1235 736 itur
1249 709 1397 736 versus
1419 694 1646 747 Bordelby,

137 760 180 798 et
202 756 254 797 de
279 756 475 797 habendo
506 755 637 796 libere
668 769 816 810 porcos
848 769 946 796 suos
977 754 1210 808 pascendos
1241 766 1317 807 per
1347 756 1488 793 totum
1523 752 1645 793 terri-

138 814 298 855 torium
320 814 371 854 de
393 814 608 862 Mortune,
630 819 673 854 et
693 813 746 854 de
776 813 961 854 tenendo
992 813 1309 866 imperpetuum
1331 824 1477 851 omnes
1499 814 1646 858 terras,

137 886 238 913 cum
258 872 548 926 pertinenciis,
570 885 675 925 quas
697 871 857 912 habent
879 871 931 911 de
962 870 1084 911 feodo
1106 883 1182 910 suo
1203 869 1264 909 ita
1285 869 1416 909 libere
1438 872 1481 909 et
1502 868 1645 922 quiete

139 930 250 971 sicut
284 930 331 970 in
364 930 490 970 cartis
523 930 713 983 ipsorum
749 929 1003 969 donatorum
1039 927 1309 968 continetur:
1356 926 1647 966 Donationem

136 1021 145 1027 .
171 1021 179 1028 .
203 1021 210 1028 .
235 1001 341 1041 quas
362 987 572 1028 Robertus
587 987 638 1028 de
651 987 862 1028 Lascelles
883 1019 891 1027 .
918 1018 926 1027 .
951 1019 959 1027 .
983 986 1084 1027 fecit
1098 986 1190 1026 Deo
1213 1018 1220 1026 .
1244 1018 1251 1026 .
1275 1018 1284 1026 .
1309 984 1360 1025 de
1373 998 1460 1024 una
1481 984 1649 1024 cultura

138 1045 364 1087 tresdecim
386 1044 475 1101 [sic]
507 1058 699 1086 acrarum
730 1050 862 1092 terrae,
885 1057 982 1085 cuni
1013 1043 1301 1098 pertinenciis,
1332 1042 1378 1082 in
1411 1041 1647 1094 Herlesey:

140 1103 427 1144 Donationem
459 1136 466 1144 .
499 1135 507 1143 .
540 1135 548 1144 .
580 1116 687 1156 quas
719 1102 927 1143 Ricardus
964 1101 1016 1142 de
1057 1100 1281 1148 Lascelles‚
1317 1099 1432 1140 filius
1471 1099 1646 1139 Roberti

137 1161 190 1202 de
231 1161 456 1210 Lascelles,
487 1193 496 1201 .
528 1193 536 1200 .
572 1191 580 1198 .
616 1161 719 1201 fecit
754 1160 846 1200 Deo
878 1193 886 1200 .
920 1192 928 1200 .
961 1193 970 1201 .
1003 1159 1055 1199 de
1096 1172 1182 1199 una
1216 1158 1385 1198 cultura
1421 1157 1648 1198 tresdecim

135 1232 326 1260 acrarum
349 1222 482 1267 terrae,
504 1232 602 1259 cum
632 1217 919 1272 pertinenciis,
941 1217 986 1257 111
1019 1216 1167 1257 eadem
1197 1215 1327 1256 villa:
1358 1215 1648 1255 Donationem

137 1310 145 1316 .
179 1309 187 1317 .
219 1310 228 1318 .
261 1290 367 1330 quas
408 1277 620 1317 Robertus
661 1276 713 1316 de
753 1275 963 1316 Lascelles
994 1307 1002 1315 .
1036 1307 1044 1315 .
1090 1307 1098 1314 .
1146 1274 1248 1314 fecit
1289 1273 1382 1313 Deo
1429 1305 1436 1312 .
1486 1305 1493 1312 .
1541 1305 1548 1312 .
1597 1272 1648 1312 de

138 1334 296 1389 viginti
317 1334 424 1375 acris
455 1338 575 1375 terrae
607 1338 650 1374 et
679 1333 804 1387 prati,
835 1346 934 1373 cum
964 1331 1253 1386 pertinenciis,
1281 1331 1328 1370 in
1351 1330 1499 1370 eadem
1520 1329 1649 1370 villa:

139 1392 429 1433 Donationem
458 1425 467 1433 .
501 1425 509 1433 .
543 1424 550 1431 .
583 1404 689 1445 quas
731 1391 941 1431 Robertus
983 1390 1035 1430 de
1076 1389 1247 1430 Laceles
1287 1388 1390 1429 fecit
1430 1388 1523 1428 Deo
1556 1421 1564 1428 .

137 1450 191 1491 de
214 1450 379 1490 duabus
407 1450 572 1490 bovatis
603 1455 737 1498 terrae,
758 1462 856 1488 cum
883 1447 1173 1501 pertinenciis,
1195 1446 1241 1486 in
1273 1446 1352 1486 Est
1380 1446 1650 1499 Herlisheye,

138 1521 245 1561 quas
281 1507 442 1548 habent
477 1521 530 1548 ex
565 1507 675 1547 dono
723 1506 832 1547 Adae
868 1505 946 1545 filii
981 1505 1193 1546 Willelmi
1234 1504 1286 1544 de
1321 1503 1557 1545 Hernevile
1598 1504 1650 1544 de

139 1566 218 1606 Est
248 1565 528 1619 Herlesheye,
560 1568 603 1605 et
645 1565 697 1605 de
741 1568 926 1617 quatuor
956 1563 1063 1604 acris
1094 1566 1216 1603 terrae
1259 1575 1365 1615 quas
1396 1562 1558 1602 habent
1598 1561 1650 1602 de

137 1624 248 1664 dono
289 1623 498 1663 Willelmi
539 1622 589 1663 de
621 1621 842 1670 Lascelles,
874 1626 917 1662 et
957 1621 1008 1662 de
1048 1620 1237 1661 dominio
1279 1620 1331 1660 de
1361 1619 1500 1660 tribus
1542 1620 1649 1660 acris

136 1688 260 1722 terrae
293 1694 398 1734 quas
432 1681 561 1734 Hugo
597 1680 649 1720 de
685 1679 800 1720 Aula
833 1680 975 1720 tenuit
1011 1679 1057 1719 in
1091 1678 1238 1719 eadem
1271 1677 1388 1726 villa,
1410 1682 1453 1718 et
1475 1677 1526 1717 de
1562 1690 1649 1717 uno

134 1739 243 1780 tofto
273 1752 371 1779 cum
402 1739 536 1779 crosto
567 1751 673 1792 quos
703 1738 807 1786 Eva,
838 1751 954 1778 soror
973 1736 1079 1778 dicti
1108 1736 1228 1785 Adae,
1258 1735 1398 1776 tenuit
1429 1735 1475 1775 in
1506 1735 1654 1775 eadem

134 1796 248 1846 villa,
270 1810 369 1837 cum
389 1796 680 1850 pertinenciis:
715 1795 1040 1836 Concessionem
1060 1794 1247 1847 insuper,
1262 1793 1451 1847 quietam
1466 1792 1654 1833 claman-

134 1855 246 1896 ciam
274 1860 317 1895 et
337 1854 702 1895 confirmationem
723 1867 829 1907 quas
851 1853 1061 1893 Robertus
1083 1852 1135 1892 de
1156 1852 1328 1892 Laceles
1350 1851 1402 1891 de
1425 1850 1651 1903 Bordelby,

135 1912 270 1961 miles,
305 1926 381 1966 per
415 1912 622 1966 scriptum
652 1925 779 1953 suum
814 1911 916 1951 fecit
951 1911 1044 1951 Deo
1074 1943 1082 1950 .
1115 1942 1123 1950 .
1156 1943 1163 1950 .
1197 1909 1249 1949 de
1285 1908 1482 1949 omnibus
1517 1908 1653 1957 terris,

134 1970 298 2011 tenuris
330 1974 373 2011 et
400 1970 657 2011 tenementis
683 1983 777 2023 quae
807 1969 968 2009 habent
998 1968 1050 2008 de
1081 1967 1203 2008 feodo
1234 1980 1333 2007 suo:
1364 1966 1654 2006 Donationem

134 2060 143 2068 .
179 2063 184 2068 .
217 2061 225 2069 .
257 2041 363 2081 quas
393 2027 639 2068 Willelmus
670 2028 722 2068 de
753 2026 974 2075 Lascelles‚
1010 2025 1124 2066 filius
1155 2025 1339 2065 Andreae
1370 2024 1421 2064 de
1457 2023 1654 2073 Lascells,

137 2119 144 2126 .
180 2120 187 2126 .
220 2118 228 2126 .
260 2086 364 2126 fecit
393 2086 486 2126 Deo
517 2119 525 2126 .
557 2119 565 2126 .
597 2118 606 2126 .
639 2085 691 2126 de
722 2089 906 2138 quatuor
936 2083 1043 2124 acris
1074 2087 1208 2131 terrae,
1237 2096 1334 2123 cum
1365 2082 1653 2135 pertinenciis,

136 2144 182 2183 in
223 2143 302 2184 Est
342 2142 619 2196 Herlisheye:
665 2142 953 2183 Donationem
983 2175 990 2181 .
1025 2174 1032 2181 .
1066 2174 1074 2182 .
1106 2154 1211 2194 quas
1248 2139 1502 2193 Radulphus
1538 2139 1652 2180 filius

136 2201 346 2242 Willelmi
366 2201 446 2240 filii
477 2200 670 2241 Gocelini
692 2200 743 2241 de
765 2200 921 2253 Majori
943 2199 1176 2252 Herlesaye
1209 2231 1216 2239 .
1249 2232 1256 2238 .
1289 2231 1296 2238 .
1330 2198 1432 2238 fecit
1452 2198 1545 2238 Deo
1576 2231 1583 2238 .
1613 2230 1620 2238 .
1645 2230 1652 2237 .

134 2259 188 2299 de
209 2258 426 2299 sexdecim
455 2258 562 2299 acris
585 2264 716 2306 terme,
738 2271 835 2298 611111
864 2256 1211 2310 pertinenciis‚in
1224 2255 1481 2309 Herlesaye:
1512 2256 1653 2296 Dona-

136 2317 298 2358 tionem
328 2349 336 2357 .
370 2349 378 2357 .
410 2329 546 2370 .quas
577 2315 818 2356 Willelmus
849 2315 963 2355 filius
996 2314 1193 2355 Gocelini
1223 2314 1275 2355 de
1307 2313 1530 2354 Herleseia
1560 2346 1568 2354 .
1601 2347 1608 2354 .

136 2375 237 2416 fecit
266 2374 359 2414 Deo
390 2407 397 2414 .
430 2407 437 2414 .
471 2407 480 2415 .
511 2374 563 2414 de
595 2387 681 2413 una
711 2387 805 2414 acra
835 2376 969 2421 terrae,
1000 2386 1098 2412 cum
1128 2371 1416 2425 pertinenciis,
1437 2371 1484 2411 in
1505 2371 1653 2412 eadem

137 2432 268 2473 villa:
299 2432 587 2472 Donationem
625 2464 632 2471 .
662 2464 670 2472 .
703 2464 711 2472 .
743 2444 848 2484 quas
881 2430 1087 2471 Girardus
1112 2430 1165 2471 de
1195 2429 1380 2479 Laceles,
1410 2429 1524 2469 filius
1545 2429 1652 2469 Adae

134 2491 188 2532 de
209 2489 393 2538 Laceles,
423 2521 430 2530 .
467 2523 475 2530 .
507 2522 515 2530 .
548 2489 650 2530 fecit
674 2489 768 2529 Deo
798 2519 806 2526 .
843 2521 850 2529 .
883 2521 891 2529 .
923 2487 974 2529 de
996 2501 1070 2528 sex
1091 2487 1199 2529 acris
1229 2492 1365 2536 terrae,
1387 2500 1485 2528 cuni
1515 2486 1652 2527 omni-

136 2548 216 2589 bus
233 2547 506 2602 pertinenciis
520 2551 562 2588 et
578 2546 848 2588 libertatibus
866 2546 965 2595 suis,
981 2546 1026 2585 in
1040 2545 1187 2587 eadem
1201 2545 1306 2586 villa
1323 2562 1330 2586 :
1362 2544 1651 2585 Donationem

136 2640 144 2646 .
176 2639 183 2647 .
217 2639 225 2647 .
259 2619 364 2659 quas
386 2605 567 2646 Thomas
589 2604 702 2645 filius
724 2603 852 2646 Gilde
873 2603 925 2644 de
955 2604 1151 2644 Neusum
1183 2637 1190 2644 .
1223 2637 1231 2644 .
1264 2637 1271 2644 .
1303 2602 1406 2643 fecit
1435 2602 1528 2642 Deo
1559 2634 1567 2643 .
1599 2635 1607 2642 .
1641 2635 1649 2642 .

136 2664 188 2705 de
209 2667 374 2717 septem
395 2663 502 2703 acris
523 2668 656 2710 terrae,
676 2675 775 2703 cum
805 2661 1092 2716 pertinenciis,
1114 2661 1159 2701 in
1190 2662 1409 2702 Neusum:
1442 2659 1650 2700 Donatio—

136 2735 234 2762 nem
263 2721 450 2774 insuper,
480 2720 856 2769 confirmationem‚
877 2719 1066 2773 quietam
1097 2719 1376 2760 clamanciam
1408 2720 1451 2758 et
1481 2730 1649 2758 conces-

136 2779 299 2820 sionem
334 2792 439 2833 quas
471 2778 652 2819 Thomas
683 2777 797 2819 filius
829 2776 943 2818 Gille
974 2810 982 2818 .
1015 2810 1023 2818 .
1057 2809 1067 2819 .
1097 2777 1200 2819 fecit
1235 2777 1327 2818 Deo
1358 2809 1366 2816 .
1400 2807 1408 2815 .
1440 2807 1448 2815 .
1481 2774 1533 2816 de
1563 2788 1649 2815 una

135 2850 232 2878 acra
251 2841 384 2885 terrae,
405 2850 503 2877 cum
524 2835 811 2890 pertinenciis,
833 2835 878 2875 in
901 2835 1130 2885 Newhous,
1151 2839 1194 2876 et
1215 2834 1267 2875 de
1298 2837 1387 2874 tota
1420 2838 1540 2886 parte
1572 2846 1649 2874 sua

135 2907 257 2948 aquae
289 2894 341 2936 de
372 2894 494 2936 Teisa
529 2893 731 2935 deversus
762 2893 987 2948 piscariam
1024 2906 1193 2934 eorum:
1236 2890 1523 2932 Donationem
1557 2924 1565 2932 .
