2033 3242
393 222 415 259 2
422 221 445 258 8
452 220 475 257 8
829 225 1145 256 CARTULARIUM
1166 225 1474 257 RIEVALLENSE.

393 346 500 387 quas
531 333 715 373 Thomas
740 331 855 372 filius
889 330 1003 372 Gille
1036 331 1088 371 de
1125 330 1320 371 Neusum
1353 365 1361 372 .
1395 364 1403 372 .
1435 365 1443 372 .
1476 331 1578 373 fecit
1612 332 1706 373 Deo
1740 366 1747 373 .
1778 366 1786 373 .
1820 366 1827 372 .
1860 332 1915 373 de

393 405 481 432 una
507 405 602 431 acra
626 394 760 438 terrae,
783 403 880 430 oum
901 388 1191 442 pertinenciis,
1212 388 1259 428 in
1279 389 1322 429 N
1326 402 1498 431 eusum:
1529 390 1818 431 Donationem
1840 423 1848 430 .
1871 424 1878 431 .

393 463 523 504 quam
546 449 803 490 Constancia
823 447 912 486 filia
933 446 1105 487 Thomae
1128 446 1241 487 Gille
1263 446 1314 487 de
1335 447 1531 488 Neusum
1561 481 1569 489 .
1604 481 1612 489 .
1644 481 1652 489 .
1685 448 1788 489 fecit
1818 448 1914 488 Deo

476 540 483 547 .
517 506 568 547 de
583 505 806 546 duodecim
828 505 936 545 acris
957 508 1000 545 et
1021 518 1107 544 una
1128 504 1334 557 perticata
1356 509 1490 555 terrae,
1507 519 1604 546 cum
1624 506 1916 560 pertinenciis,

392 565 439 606 in
461 565 655 605 Neusum
678 576 804 616 super
825 563 1065 616 Theysam:
1097 561 1388 603 Donationem
1418 596 1425 603 .
1459 597 1466 604 .
1501 597 1509 604 .
1540 577 1646 617 quas
1668 564 1912 605 Willelmus

394 623 536 664 Britto
567 655 575 662 .
610 655 617 662 .
652 654 659 662 .
692 621 796 661 fecit
830 621 924 661 Deo
956 653 963 661 .
995 654 1003 661 .
1037 652 1046 661 .
1079 620 1131 661 de
1164 623 1255 660 tota
1286 620 1362 660 illa
1400 621 1608 674 perticata
1640 625 1776 674 terrae,
1813 635 1912 662 cum

393 679 682 735 pertinenciis,
715 692 810 732 quae
841 678 957 732 jacet
992 679 1105 719 inter
1139 681 1296 719 terram
1327 679 1556 720 eorundem
1591 681 1915 728 monachorum,

389 739 517 792 juxta
542 737 769 791 piscariam
790 750 918 790 quam
949 737 1111 777 habent
1132 749 1185 776 ex
1207 736 1318 776 dono
1340 736 1548 777 Bernardi
1571 738 1622 779 de
1654 738 1847 787 Ballolio,
1869 744 1912 778 et

394 810 549 850 aquam
571 795 624 836 de
644 796 802 849 Teysa:
834 795 1125 835 Donationem
1157 827 1165 834 .
1198 827 1206 834 .
1239 827 1248 836 .
1280 807 1386 847 quas
1408 794 1537 848 Hugo
1560 795 1611 836 de
1633 795 1789 836 Basslol
1820 829 1827 836 .
1861 830 1868 837 .

393 855 496 895 fecit
517 854 609 894 Deo
641 886 648 894 .
682 886 690 894 .
723 886 730 893 .
763 852 815 893 de
837 853 983 893 decem
1005 852 1112 893 acris
1133 856 1265 901 terrae,
1288 866 1385 893 cum
1416 853 1703 906 pertinenciis,
1724 854 1771 894 in
1792 854 1909 894 Neu-

393 926 501 960 sum,
523 915 566 952 et
588 911 640 951 de
661 910 861 952 frieschia
881 910 928 950 in
949 925 1033 964 qua
1054 910 1231 964 capiunt
1251 911 1410 959 turbas,
1433 914 1475 951 et
1497 911 1548 951 de
1569 914 1680 952 terra
1701 912 1754 952 ad
1775 912 1911 965 pisca-

392 971 501 1010 riam
541 983 663 1010 suam
703 969 1001 1022 reparandum,
1041 973 1085 1009 et
1126 968 1409 1009 claudendam
1446 982 1544 1022 sepe
1581 973 1623 1009 et
1663 970 1833 1018 fossato,
1870 976 1914 1010 et

391 1027 602 1069 utendum
633 1041 709 1081 per
740 1027 884 1067 omnia
915 1027 1027 1067 sicut
1057 1026 1117 1067 eis
1149 1026 1369 1080 placuerit,
1395 1027 1456 1067 ita
1478 1027 1593 1080 quod
1623 1027 1770 1068 nullus
1801 1027 1913 1068 infra

391 1087 551 1127 fossata
571 1086 665 1139 ipsa
677 1099 813 1138 usque
829 1085 876 1125 in
892 1085 1058 1126 Teisam
1079 1085 1255 1125 habebit
1277 1098 1549 1125 communam
1570 1089 1723 1138 praeter
1743 1085 1913 1126 eosdem

391 1143 634 1193 monachos,
656 1148 699 1184 et
720 1144 771 1184 de
794 1143 1012 1184 communi
1041 1146 1216 1196 pastura
1236 1143 1290 1183 ad
1312 1147 1406 1183 octo
1428 1143 1558 1183 boves
1589 1157 1664 1197 per
1685 1157 1810 1184 omne
1831 1148 1912 1184 ter-

391 1202 589 1243 ritorium
631 1201 757 1242 dictae
796 1201 912 1242 villae
953 1201 1005 1242 de
1045 1201 1242 1241 Neusum
1282 1201 1530 1254 ubicunque
1571 1202 1713 1242 averia
1753 1215 1830 1242 sua
1871 1206 1915 1242 et

391 1261 616 1302 hominum
637 1273 811 1300 suorum
833 1259 1024 1313 ejusdem
1040 1259 1158 1299 villae
1178 1259 1230 1300 de
1251 1259 1448 1300 Neusum
1463 1260 1746 1312 pascebantur
1764 1276 1772 1300 :
1805 1259 1916 1300 Con-

392 1318 627 1360 cessionem
658 1350 666 1359 .
699 1351 706 1358 .
739 1351 747 1359 .
780 1331 886 1370 quas
908 1317 1022 1358 idem
1044 1317 1174 1371 Hugo
1206 1350 1213 1357 .
1246 1351 1254 1358 .
1287 1351 1294 1357 .
1328 1317 1430 1358 fecit
1461 1317 1553 1358 Deo
1584 1351 1592 1358 .
1627 1351 1635 1359 .
1670 1351 1677 1358 .
1711 1317 1762 1358 de
1784 1317 1914 1358 dona-

391 1377 508 1418 tione
530 1376 684 1429 Rogeri
701 1375 753 1416 de
766 1375 1157 1429 Eglestona—scil.,
1174 1375 1226 1416 de
1239 1375 1376 1416 tribus
1398 1375 1507 1416 acris
1529 1380 1650 1416 terrae
1673 1380 1715 1416 et
1736 1375 1915 1416 dimidia

393 1438 436 1476 et
462 1435 628 1475 duabus
660 1433 888 1482 rodefallis‚
920 1447 1018 1474 cum
1045 1433 1334 1487 pertinenciis,
1365 1433 1411 1473 in
1436 1434 1645 1482 Neusum,
1676 1438 1719 1474 et
1747 1434 1799 1474 de
1826 1447 1914 1473 una

393 1507 490 1534 acra
530 1496 666 1541 terrae,
710 1505 808 1532 cum
852 1491 1142 1545 pertinenciis,
1182 1491 1228 1531 in
1279 1491 1551 1532 Middeltona
1592 1505 1644 1532 ex
1685 1491 1915 1532 donatione

394 1550 598 1591 Arohilli:
648 1549 939 1590 Donationem
969 1583 977 1590 .
1011 1583 1019 1590 .
1058 1583 1065 1591 .
1103 1563 1209 1603 quas
1251 1549 1507 1603 Radulphus
1548 1549 1663 1590 filius
1706 1549 1821 1591 Gille
1861 1549 1914 1590 de

393 1610 436 1649 N
439 1622 589 1649 eusum
620 1641 628 1649 .
662 1641 670 1649 .
703 1641 711 1648 .
743 1608 846 1648 fecit
877 1608 970 1648 Deo
1001 1640 1008 1648 .
1043 1639 1051 1649 .
1084 1639 1092 1648 .
1124 1607 1177 1648 de
1208 1607 1345 1647 tribus
1375 1608 1482 1648 acris
1513 1611 1635 1649 terrae
1660 1611 1703 1648 et
1724 1607 1915 1656 dimidia,

394 1680 492 1707 cum
513 1665 804 1720 pertinenciis,
817 1666 863 1705 in
887 1666 1103 1706 Neusum:
1132 1665 1421 1705 Donationem
1442 1699 1449 1706 .
1473 1698 1481 1706 .
1505 1698 1512 1706 .
1535 1679 1641 1719 quas
1656 1666 1847 1719 Rogerus
1861 1665 1913 1706 de

392 1724 650 1779 Egglestona
671 1757 679 1764 .
702 1757 710 1765 .
734 1757 742 1764 .
765 1724 868 1764 fecit
880 1724 973 1764 Deo
995 1757 1002 1764 .
1027 1757 1035 1765 .
1059 1756 1066 1764 .
1089 1723 1140 1764 (10
1157 1723 1386 1763 medietate
1403 1723 1532 1764 unius
1554 1728 1763 1764 carucatae
1779 1728 1915 1772 terme,

394 1797 493 1824 cum
515 1783 680 1823 duobus
702 1782 823 1822 tostis
845 1785 888 1822 et
909 1781 1046 1822 tribus
1074 1781 1232 1831 crostis,
1255 1795 1353 1822 cum
1380 1781 1669 1834 pertinenciis,
1690 1781 1736 1821 in
1765 1781 1912 1822 eadem

393 1841 522 1881 villa:
573 1840 863 1880 Donationem
916 1872 924 1880 .
981 1873 988 1881 .
1047 1873 1055 1880 .
1108 1853 1214 1893 quas
1256 1839 1520 1880 Gillebertus
1556 1839 1769 1887 Hansard,
1798 1839 1912 1879 filius

393 1899 423 1940 J
427 1898 607 1939 ohannis
639 1898 851 1946 Hansard,
882 1931 889 1938 .
922 1931 930 1938 .
963 1931 971 1938 .
1004 1897 1108 1938 fecit
1128 1897 1221 1937 Deo
1252 1929 1260 1937 .
1293 1931 1300 1938 .
1335 1930 1343 1938 .
1375 1897 1427 1937 de
1458 1901 1549 1937 tota
1578 1902 1698 1950 parte
1730 1911 1806 1937 sua
1826 1897 1913 1950 pis-

396 1957 517 1998 cariae
540 1957 591 1997 de
613 1956 761 2010 Teysa,
778 1970 875 1996 cum
893 1955 1180 2009 pertinenciis,
1198 1959 1409 2008 quantum
1424 1959 1538 1996 terra
1559 1969 1635 1996 sua
1653 1956 1705 1996 de
1720 1955 1913 1995 Wirkes-

394 2015 467 2055 hal
509 2014 692 2063 duravit,
733 2018 776 2055 et
816 2014 868 2054 de
909 2013 1100 2067 quinque
1141 2014 1249 2054 acris
1290 2018 1412 2054 terrae
1453 2027 1580 2067 super
1614 2013 1752 2066 ripam
1788 2013 1913 2053 dicta?

394 2086 516 2126 aquae
537 2073 590 2113 de
611 2073 747 2125 Teysa
775 2072 867 2126 [ad]
899 2071 1186 2113 claudendum
1218 2071 1321 2125 sepi,
1349 2085 1471 2111 muro
1502 2071 1571 2112 vel
1599 2071 1758 2112 fossato
1787 2076 1912 2124 prout

393 2130 621 2179 voluerint,
657 2134 700 2171 et
727 2130 780 2171 de
811 2144 953 2170 annuo
984 2129 1155 2170 redditu
1182 2129 1339 2183 viginti
1363 2133 1406 2170 et
1441 2134 1606 2182 septem
1642 2129 1913 2170 denariorum

394 2202 500 2242 quos
522 2189 627 2229 dicti
647 2188 847 2229 monachi
868 2188 1062 2229 solebant
1083 2188 1165 2228 sibi
1186 2188 1348 2228 solvere
1369 2201 1446 2240 pro
1476 2201 1562 2227 una
1584 2191 1780 2228 carucata
1801 2191 1914 2227 terra

395 2251 438 2287 et
461 2246 638 2286 dimidia
669 2247 715 2286 in
735 2246 945 2300 Angrum,
967 2250 1010 2287 et
1031 2246 1083 2286 de
1105 2259 1246 2286 annuo
1277 2245 1448 2286 redditu
1479 2245 1610 2285 trium
1641 2245 1912 2286 denariorum

396 2304 448 2345 de
470 2304 647 2344 dimidia
662 2308 859 2345 carucata
875 2309 997 2345 terrae
1019 2317 1147 2357 quam
1164 2303 1373 2357 Magister
1400 2303 1656 2357 Ranulphus
1684 2303 1736 2344 de
1762 2303 1913 2343 Huck-

397 2362 488 2403 erbi
509 2362 649 2402 tenuit
673 2362 719 2402 in
748 2362 896 2403 eadem
916 2362 1021 2402 villa
1050 2362 1101 2402 de
1122 2362 1330 2415 Angrum,
1352 2375 1450 2402 cum
1477 2361 1673 2414 homagio
1695 2364 1737 2402 et
1758 2360 1912 2401 servic-

397 2420 462 2469 iis,
493 2420 659 2469 Wardis‚
689 2420 859 2461 releviis
887 2423 930 2461 et
961 2419 1137 2461 escaetis
1170 2419 1295 2460 dictae
1327 2419 1515 2460 dimidiae
1547 2423 1754 2460 carucatae
1788 2422 1914 2459 terrae

397 2478 724 2532 pertinentibus,
746 2482 789 2518 et
810 2478 862 2519 de
891 2478 1090 2518 omnibus
1121 2478 1243 2518 terris
1275 2481 1318 2518 et
1346 2477 1511 2518 tenuris
1532 2491 1638 2531 quas
1670 2476 1913 2517 habuerunt

397 2537 444 2576 in
464 2535 667 2590 praedicta
686 2535 792 2576 villa
813 2536 865 2576 de
885 2536 1104 2590 Angrum:
1132 2535 1423 2577 Donationem
1456 2568 1464 2576 .
1502 2568 1510 2576 .
1545 2568 1553 2576 .
1586 2548 1693 2588 quas
1724 2535 1913 2588 Rogerus

398 2594 451 2634 de
471 2593 680 2647 Eglestun
703 2626 709 2634 .
734 2627 741 2634 .
766 2627 773 2634 .
797 2594 899 2634 fecit
919 2594 1012 2635 Deo
1034 2627 1041 2634 .
1066 2626 1073 2634 .
1097 2627 1104 2634 .
1128 2593 1179 2634 de
1207 2593 1345 2634 tribus
1374 2593 1482 2633 acris
1512 2596 1636 2633 terrae
1665 2597 1708 2633 et
1735 2591 1913 2632 dimidia

398 2657 441 2692 et
477 2651 643 2692 duabus
675 2651 900 2692 rodefalles
933 2652 978 2691 in
1011 2651 1219 2699 Neusum,
1253 2655 1295 2692 et
1332 2651 1383 2691 de
1418 2650 1643 2691 tresdecim
1672 2650 1763 2704 [sio]
1795 2649 1913 2690 rode-

396 2709 521 2751 falles
577 2709 629 2750 de
684 2714 796 2750 terra
846 2723 923 2749 sua
962 2723 1058 2762 qua)
1111 2709 1255 2750 buttat
1302 2722 1429 2762 super
1471 2709 1680 2749 fossatum
1723 2708 1912 2761 ipsorum

398 2767 704 2808 monachorum
747 2767 801 2807 ad
844 2767 1088 2808 faciendum
1130 2767 1291 2807 ibidem
1341 2767 1573 2807 fossatum:
1623 2765 1912 2807 Donationem

458 2859 466 2866 .
519 2858 526 2865 .
580 2839 686 2879 quas
738 2824 998 2865 Humfiidus
1051 2825 1103 2866 de
1157 2824 1403 2879 Coingners,
1454 2823 1589 2873 miles,
1640 2857 1649 2865 .
1700 2856 1707 2864 .
1759 2856 1767 2864 .
1811 2823 1914 2863 fecit

397 2883 561 2924 Abbati
591 2888 634 2924 et
664 2883 884 2924 monachis
920 2882 1134 2936 praedictis
1166 2882 1217 2923 de
1248 2896 1335 2923 una
1373 2882 1494 2937 pecia
1534 2885 1669 2931 terrae,
1690 2894 1786 2923 cum
1819 2893 1911 2934 per-
