2033 3242
603 266 916 298 CARTULARIUM
936 266 1177 297 RIEVALLEN
1181 266 1242 297 SE.
1594 260 1616 297 3
1624 261 1646 297 4
1652 261 1676 296 5

162 369 288 411 uxori
343 370 446 425 ejus,
507 384 653 412 omnes
703 371 799 413 illas
854 372 1049 426 grangias
1109 375 1275 411 nostras
1331 375 1502 411 vocatas
1559 370 1678 411 Grife

164 427 376 482 Graunge,
432 427 679 470 Newlathes
735 430 947 484 Graunge,
1001 429 1106 470 alias
1157 428 1317 470 dictam
1367 428 1412 468 N
1414 428 1576 477 ewlese,
1635 434 1678 469 et

165 485 404 539 Sproxtone
426 486 638 541 Graunge,
661 486 765 528 alias
787 487 944 528 dictam
966 487 1203 540 Sproxtone
1226 486 1452 535 Cote,cum
1473 486 1562 526 suis
1582 499 1677 539 per—

163 543 377 592 tinenciis,
397 543 444 584 in
475 544 589 585 dicta
610 545 810 598 parochia
842 545 893 586 de
921 544 1172 597 Heimesley
1191 544 1237 584 in
1259 544 1373 584 dicto
1396 543 1511 585 Com.
1532 547 1679 584 nostro

162 600 312 652 Ebor.;
363 605 406 642 et
441 605 582 642 totum
621 602 730 643 fflud
771 602 1049 656 mesuagium,
1089 601 1179 643 sive
1228 602 1447 656 grangiam
1487 606 1675 642 nostram

162 663 364 699 vocatum
396 659 520 700 West
560 659 770 701 Newtone
807 660 1020 714 Graunge,
1056 673 1154 701 cum
1195 659 1283 700 suis
1313 659 1600 712 pertinenciis,
1630 659 1677 699 111

163 716 366 769 parochia
402 716 454 758 de
490 717 837 771 Oswaldekyrke,
873 718 919 758 in
957 717 1104 758 eodem
1141 717 1257 758 Com.
1294 717 1430 766 Ebor.,
1451 720 1495 758 et
1530 717 1677 758 decem

163 787 279 815 acras
315 775 428 827 prati
463 780 635 816 vocatas
671 776 798 816 Frere
834 776 916 829 Ing
951 775 998 815 in
1035 775 1383 829 Oswaldekyrke,
1416 780 1458 816 et
1494 779 1678 828 quatuor

163 845 280 872 acras
302 832 415 885 prati
435 832 481 872 in
503 833 738 887 Stangrave
758 833 804 873 in
827 834 971 874 eodem
996 833 1123 883 Com,
1145 847 1193 874 ac
1215 833 1357 873 omnia
1387 837 1533 881 terras,
1555 836 1677 886 prata

161 894 205 930 et
234 894 430 943 pasturas
452 890 499 930 in
519 891 643 931 West
674 891 894 939 Newtone,
921 891 968 931 in
999 891 1113 931 dicta
1147 890 1346 945 parochia
1377 890 1430 931 de
1461 890 1675 931 Oswalde-

161 946 311 1001 kyrke,
341 948 388 988 in
419 948 533 989 dicto
566 949 680 989 Com.
703 948 852 1000 Ebor.;
882 952 924 989 et
954 948 1050 989 illas
1081 948 1277 1003 grangias
1308 953 1473 989 nostras
1504 952 1676 988 vocatas

163 1005 350 1058 Crosbye
382 1006 550 1059 Grange
582 1011 626 1047 et
657 1006 839 1048 Cotham
870 1006 1051 1059 Grange,
1073 1020 1172 1047 cum
1203 1006 1291 1047 suis
1322 1005 1610 1059 pertinenciis,
1630 1007 1675 1046 in

160 1063 374 1116 parochiis
405 1063 457 1104 de
478 1064 643 1105 Northe
663 1064 886 1105 Allertone
918 1068 960 1104 et
990 1060 1104 1105 Leke
1135 1064 1180 1104 in
1211 1064 1358 1105 eodem
1391 1064 1507 1105 Com.
1529 1063 1650 1104 Ebor.
1667 1079 1676 1113 3

160 1134 210 1161 ac
241 1121 385 1161 omnia
415 1126 561 1170 terras,
592 1126 849 1170 tenementa,
879 1126 1012 1175 prata,
1042 1126 1250 1175 pasturas,
1282 1134 1542 1169 communas,
1564 1134 1675 1161 com-

160 1178 388 1219 moditates
439 1183 482 1220 et
530 1180 719 1233 proficua
769 1193 1034 1233 quaecunque
1089 1179 1136 1219 in
1186 1179 1312 1220 dictis
1362 1178 1573 1232 parochiis
1624 1179 1675 1219 de

163 1235 424 1291 Helmesley,
456 1237 804 1291 Oswaldekyrke‚
846 1237 961 1278 Leke
1002 1241 1044 1277 et
1084 1236 1251 1277 Northe
1280 1236 1516 1285 Allertone,
1548 1236 1674 1277 dictis

161 1294 348 1348 grangiis
390 1308 466 1335 seu
502 1308 648 1336 earum
688 1295 818 1335 alicui
853 1294 1103 1348 spectantia,
1134 1308 1209 1335 seu
1243 1294 1386 1348 aliquo
1422 1294 1548 1334 modo
1583 1307 1676 1347 per-

161 1352 356 1401 tinentia,
388 1355 463 1392 aut
495 1352 670 1393 dimissa
700 1352 770 1393 vel
801 1356 1006 1406 occupata
1037 1366 1134 1392 cum
1165 1352 1325 1393 eisdem
1355 1351 1554 1405 grangiis,
1585 1351 1675 1392 sive

161 1423 308 1450 earum
330 1410 496 1463 aliqua:
527 1424 623 1464 quae
644 1410 819 1464 quidem
838 1410 1022 1464 grangiae
1045 1410 1158 1450 dicto
1178 1423 1317 1463 nuper
1337 1408 1601 1450 Monasterio
1624 1409 1675 1450 de

160 1467 333 1521 Ryvalx
363 1468 614 1521 spectabant
635 1474 677 1509 et
696 1468 994 1522 pertinebant:
1027 1481 1074 1508 ac
1105 1472 1245 1508 totum
1275 1467 1450 1508 boscum
1481 1472 1675 1508 nostrum

159 1530 361 1566 vocatum
393 1526 598 1575 Starrard,
629 1539 726 1567 cum
757 1526 1043 1580 pertinenciis,
1074 1525 1297 1566 continens
1328 1558 1337 1566 .
1369 1558 1377 1566 .
1411 1558 1419 1565 .
1451 1525 1676 1566 duodecim

161 1596 302 1634 acras3
333 1597 468 1624 unum
490 1584 666 1624 boscum
695 1588 891 1624 nostrum
912 1588 1111 1624 vocatum
1132 1584 1257 1624 Lawe
1278 1583 1428 1631 Parke,
1450 1596 1549 1623 cum
1578 1595 1672 1636 per-

160 1640 373 1690 tinenciis,
405 1641 628 1682 continens
659 1674 668 1682 .
703 1674 711 1683 .
742 1674 751 1682 .
784 1641 1008 1682 sexdecem
1048 1654 1187 1682 acras:
1230 1655 1279 1682 ac
1318 1644 1459 1681 totum
1499 1641 1673 1681 boscum

160 1703 356 1739 nostrum
387 1704 588 1739 vocatum
609 1699 868 1753 Highlande,
890 1712 988 1739 cum
1018 1699 1306 1753 pertinenciis,
1328 1698 1552 1739 continens
1583 1731 1592 1739 .
1624 1731 1631 1738 .

159 1769 290 1796 unam
327 1770 493 1808 acram;
534 1770 582 1798 ac
617 1761 758 1797 totum
793 1757 968 1798 boscum
1004 1761 1198 1798 nostrum
1233 1761 1434 1797 vocatum
1466 1755 1675 1796 Middelle

161 1814 311 1863 Parke,
343 1829 441 1855 cum
471 1815 758 1868 pertinenciis,
791 1815 1014 1856 continens
1045 1847 1054 1856 .
1086 1847 1094 1856 .
1127 1846 1136 1856 .
1168 1818 1262 1855 octo
1294 1827 1435 1865 acras3
1466 1818 1509 1854 et
1539 1827 1672 1854 unam

159 1885 300 1912 acram
321 1872 438 1913 bosci
458 1876 654 1913 vocatam
669 1872 864 1913 Widowe
887 1873 1042 1921 Crofte,
1059 1886 1157 1913 cum
1178 1871 1467 1926 pertinenciis,
1483 1871 1529 1911 in
1549 1871 1674 1912 West

160 1929 347 1970 Newton
383 1934 427 1971 et
461 1930 796 1985 Oswaldekyrke
840 1931 886 1970 in
922 1930 1035 1971 dicto
1067 1930 1185 1971 Com.
1215 1935 1358 1970 nostro
1394 1929 1529 1978 Ebor.,
1561 1929 1675 1970 dicto

159 2001 298 2041 nuper
330 1988 591 2029 Monasterio
628 1989 680 2029 de
711 1988 883 2042 Ryvalx
914 1991 1177 2041 spectantem
1213 1992 1255 2028 et
1285 1987 1595 2041 pertinentem:
1626 2001 1674 2028 ac

160 2045 291 2085 etiam
314 2045 457 2085 omnia
477 2045 552 2086 illa
566 2050 747 2099 quatuor
764 2050 1009 2086 tenementa
1024 2050 1169 2086 nostra
1185 2045 1431 2098 separaliter
1447 2045 1676 2086 existentia

159 2102 206 2142 in
228 2106 380 2143 tenura
400 2103 611 2144 Wfllelmi
631 2103 791 2152 Edone,
812 2104 983 2144 Thomae
1005 2103 1190 2152 Hotone,
1210 2102 1419 2144 Willelmi
1442 2103 1602 2143 Barker
1630 2110 1673 2143 et

160 2160 374 2201 Johannis
409 2161 606 2201 Hotone:
642 2174 690 2202 ac
727 2161 870 2202 omnia
902 2166 1047 2211 terras,
1083 2165 1217 2215 prata,
1253 2165 1448 2215 pasturas
1484 2165 1527 2201 et
1562 2174 1673 2201 com-

160 2231 314 2258 munas
335 2218 493 2259 eisdem
516 2219 774 2260 tenementis
795 2232 870 2259 seu
901 2232 1045 2259 eorum
1077 2219 1207 2260 alicui
1238 2219 1476 2272 spectantia
1507 2223 1550 2259 et
1580 2232 1672 2272 per-

160 2275 357 2323 tinentia,
380 2276 538 2316 situata
559 2279 602 2316 et
622 2276 852 2317 existentia
871 2277 918 2316 in
950 2276 1194 2330 Skyplome,
1221 2276 1432 2331 Kyrkeby
1459 2276 1674 2329 Morsyde,

162 2333 245 2387 Ing
266 2338 308 2374 et
331 2333 524 2374 Soulowe
544 2334 589 2373 in
610 2334 821 2387 parochiis
843 2334 894 2375 de
912 2334 1121 2388 Kyrkeby
1137 2335 1340 2389 Morsyde
1361 2340 1404 2375 et
1426 2334 1674 2388 Kyrkedale

160 2391 207 2431 in
236 2391 350 2432 dicto
373 2391 488 2432 Com.
511 2395 654 2432 nostro
681 2392 816 2441 Ebor.,
839 2392 952 2433 dicto
983 2405 1119 2445 nuper
1147 2392 1411 2433 Monasterio
1432 2392 1484 2433 de
1505 2392 1675 2445 Ryvalx

162 2449 400 2502 spectantia
431 2454 473 2490 et
503 2449 787 2503 pertinentia;
824 2464 872 2491 ac
912 2450 987 2490 illa
1018 2450 1162 2491 clausa
1192 2455 1315 2491 terrae
1350 2453 1494 2491 nostra
1524 2455 1675 2490 vocata

161 2506 434 2547 Wethercote
461 2507 584 2548 Close
614 2512 658 2548 et
687 2507 846 2548 Lambe
877 2507 1014 2556 Close,
1034 2521 1131 2548 cum
1161 2508 1449 2561 pertinenciis,
1469 2508 1515 2548 in
1548 2508 1672 2561 Skip-

160 2564 263 2604 land
295 2564 387 2618 [sic]
421 2564 634 2617 praedicta,
663 2569 706 2605 et
735 2579 871 2605 unum
901 2570 1195 2606 tenementum
1222 2566 1348 2620 juxta
1378 2569 1672 2607 tenementum

161 2621 376 2662 Johannis
403 2621 587 2670 Hotone,
608 2626 651 2663 et
681 2636 816 2663 unum
846 2623 1021 2664 boscum
1051 2624 1141 2664 sive
1171 2623 1212 2664 16
1243 2624 1392 2678 Hagge
1412 2627 1611 2663 vocatum
1633 2621 1672 2662 le

162 2679 313 2733 Hogge
349 2679 489 2728 Beele,
520 2693 618 2721 cum
658 2681 945 2734 pertinenciis,
977 2682 1200 2722 continens
1231 2714 1239 2722 .
1272 2714 1280 2723 .
1313 2714 1321 2722 .
1354 2681 1509 2734 viginti
1543 2693 1671 2728 acras,

157 2737 303 2790 jacens
325 2741 367 2777 et
388 2737 577 2778 existens
593 2738 638 2778 in
656 2738 888 2792 Skyplome
904 2739 1116 2792 praedicta,
1134 2739 1246 2780 dicto
1259 2753 1396 2792 nuper
1412 2737 1672 2778 Monasterio

161 2794 213 2835 de
235 2794 406 2848 Ryvalx
437 2800 635 2848 spectans
662 2801 705 2837 et
725 2796 966 2849 pertinens;
996 2810 1161 2838 necnon
1193 2797 1381 2838 dominia
1412 2800 1454 2837 et
1483 2795 1673 2835 maneria

160 2857 308 2893 nostra
329 2853 381 2893 de
403 2852 633 2894 Billesdale
654 2857 698 2894 et
718 2854 941 2908 Raysdale,
962 2867 1060 2895 cum
1091 2855 1178 2895 suis
1205 2855 1387 2908 juribus,
1407 2853 1608 2894 membris
1630 2856 1673 2893 et

160 2910 438 2963 pertinenciis
460 2911 683 2961 universis,
699 2911 745 2951 in
763 2912 876 2953 Com.
900 2917 1043 2953 nostro
1064 2912 1202 2960 Ebor.,
1217 2912 1331 2953 dicto
1347 2925 1482 2965 nuper
1502 2911 1672 2951 Monas-
