2033 3242
867 297 1095 326 APPENDIX.
1659 293 1736 330 391

229 396 419 447 praedicta
451 411 660 437 communa
689 404 862 450 pasturae
890 431 898 438 .
932 430 940 438 .
972 431 996 446 .‚
1026 400 1068 438 in
1088 400 1307 448 Oustscow,
1337 403 1491 440 ratione
1520 405 1741 442 tenementi

226 450 290 488 sui
318 451 359 488 in
380 451 496 490 Wesn
524 453 713 491 Neutona
739 454 1045 504 imperpetuum.
1102 454 1156 492 Et
1184 468 1255 505 pro
1283 455 1357 494 hac
1385 457 1627 504 remissione,
1651 462 1737 504 etc,

227 504 334 542 idem
353 505 553 544 Robertus
573 508 727 546 remisit
746 513 786 545 et
806 509 985 558 quietum
1007 508 1194 547 clamavit
1209 509 1258 547 de
1278 522 1319 547 se
1339 515 1380 547 et
1400 510 1625 549 haeredibus
1645 511 1737 559 suis,

228 565 424 608 quantum
449 561 491 598 in
521 561 576 598 eis
605 568 675 609 est,
707 562 897 612 praedicto
921 562 1074 601 Abbati
1102 594 1110 601 .
1140 593 1148 601 .
1183 592 1191 600 .
1223 568 1356 601 totum
1386 564 1451 613 jus
1478 571 1518 602 et
1552 564 1738 602 clamium

225 612 334 662 quod
355 613 496 652 habuit
514 614 556 652 in
575 620 662 653 tota
680 629 889 654 communa
908 622 1080 666 pasturae
1109 646 1117 655 .
1151 646 1158 654 .
1193 647 1201 654 .
1230 617 1272 655 in
1292 616 1407 655 WVest
1422 618 1620 656 Newtona
1634 618 1740 656 infra

227 672 354 704 metas
373 676 415 705 et
433 668 581 706 divisas
611 669 1004 720 subscriptas—scil,
1037 684 1060 708 a
1084 669 1216 708 rivulo
1243 671 1311 721 qui
1338 679 1503 710 vocatur
1536 672 1574 710 N
1580 678 1739 711 eutone-

226 720 356 759 bekke
379 734 447 771 per
465 722 661 761 fossatum
691 724 919 774 proximum
945 724 995 762 ad
1025 724 1247 763 Starheved
1277 738 1327 764 ex
1348 734 1459 776 parte
1489 726 1736 773 occidentali,

225 786 352 824 usque
372 775 422 813 ad
443 776 630 826 Haysam,
654 783 695 815 et
714 777 768 815 sic
796 791 845 816 ex
872 783 1098 816 transverso
1119 779 1275 816 viarum
1305 792 1429 829 usque
1457 779 1506 817 ad
1537 780 1666 830 capud
1688 780 1738 819 de

225 827 535 878 Leyesekedale,
559 836 598 869 et
618 831 672 869 sic
692 845 762 881 per
782 831 1054 881 Leysekedale
1083 845 1209 883 usque
1236 832 1286 870 ad
1313 833 1462 871 divisas
1492 834 1541 872 de
1570 834 1738 884 Anysel—

224 881 338 920 forde
355 883 484 922 :—Ita
509 892 643 922 tamen
670 885 777 935 quod
805 885 1018 936 praedictus
1047 886 1248 924 Robertus
1274 886 1337 924 vel
1364 887 1542 925 haeredes
1571 889 1642 936 sui,
1675 888 1738 927 vel

225 935 406 975 homines
427 938 487 976 sui
513 939 562 976 de
592 938 830 989 Sproxtona,
862 946 1058 989 quantum
1087 940 1137 978 ad
1167 940 1400 990 praedictum
1430 941 1654 980 Robertum
1673 942 1739 981 vel

225 989 403 1030 haeredes
429 1005 521 1030 suos
549 993 734 1043 pertinet,
767 993 924 1031 nullum
952 994 1016 1043 jus
1043 993 1106 1031 vel
1133 994 1318 1032 clamium
1346 995 1388 1032 in
1419 996 1611 1045 praedicta
1637 1009 1738 1034 com—

223 1057 347 1082 muna
377 1045 427 1083 de
459 1046 574 1085 west
611 1046 801 1085 Neutona
831 1060 854 1084 a
884 1047 1082 1097 praedictis
1120 1047 1259 1086 divisis
1290 1061 1427 1086 versus
1465 1050 1660 1087 orientem
1699 1056 1739 1088 et

223 1111 362 1137 versus
382 1106 561 1138 austrum
582 1101 739 1151 exigere
760 1106 951 1151 poterunt
970 1101 1267 1152 imperpetuum
1286 1118 1293 1140 :
1315 1101 1434 1141 Salvo
1454 1108 1587 1141 ttamen
1609 1103 1739 1142 eidem

223 1151 402 1191 Roberto
431 1160 472 1192 et
498 1154 721 1193 haeredibus
747 1155 827 1192 suis
853 1155 977 1193 libero
1004 1155 1185 1205 ingressu
1213 1162 1254 1194 et
1273 1169 1433 1206 egressu
1453 1157 1502 1194 ad
1534 1163 1739 1207 pasturam

223 1219 335 1244 suam
355 1207 405 1246 de
432 1207 661 1258 Sproxtona
688 1208 914 1246 latitudinis
943 1214 1086 1259 quater
1105 1209 1249 1260 viginti
1276 1209 1572 1260 pedum—scil,
1597 1225 1619 1249 a
1642 1225 1738 1261 prae-

223 1259 330 1299 dicto
347 1262 476 1300 rivulo
498 1276 567 1312 per
582 1263 777 1301 fossatum
793 1262 842 1300 de
860 1262 1183 1314 Battingridinge
1198 1276 1324 1313 usque
1340 1264 1390 1301 ad
1412 1264 1520 1302 aliud
1541 1265 1738 1303 fossatum

223 1315 364 1353 subtus
394 1316 628 1363 Starheved,
659 1322 700 1354 et
726 1317 781 1354 sic
809 1329 880 1367 per
909 1316 1009 1354 illud
1039 1316 1233 1355 fossatum
1267 1330 1392 1367 usque
1422 1318 1473 1356 ad
1505 1319 1737 1369 proximum

223 1369 351 1419 capud
371 1369 420 1408 de
439 1370 723 1421 Leysekedale.

278 1499 339 1536 62.
364 1496 508 1550 [Pedes
537 1498 708 1536 Finium.
781 1497 902 1536 Ebor.
961 1499 1078 1536 25-30
1108 1497 1231 1536 Henr.
1255 1508 1316 1536 ΙΙΙ.
1350 1498 1505 1552 [124Ο],
1527 1499 1603 1538 No.
1628 1500 1737 1553 213]

222 1550 319 1590 Haeo
349 1557 410 1590 est
437 1558 523 1599 etc„
555 1552 661 1602 apud
692 1552 808 1590 Ebor.
837 1552 878 1589 in
906 1551 993 1590 Oct.
1025 1551 1060 1590 S.
1096 1551 1268 1599 Hillarii,
1296 1552 1349 1590 A⁰
1379 1566 1406 1590 r.
1441 1553 1486 1591 R.
1520 1554 1644 1592 Henr.
1673 1564 1735 1593 ΙΙΙ.

221 1605 408 1644 vicesimo
439 1606 592 1656 quinto,
629 1620 761 1644 coram
795 1605 854 1658 [as
890 1606 931 1643 ‘in
964 1608 1036 1643 last
1066 1609 1132 1644 tero
1170 1606 1403 1659 documents}
1444 1607 1557 1645 Inter
1589 1608 1736 1657 Adam,

219 1658 421 1698 Abbatem
447 1660 496 1697 de
523 1660 712 1708 Rievalle,
735 1666 979 1710 querentem,
1003 1667 1044 1698 et
1063 1659 1264 1698 Roaldum
1283 1660 1410 1698 filium
1439 1661 1593 1707 Roaldi,
1617 1675 1737 1712 quem

219 1712 399 1751 Roaldus
428 1714 531 1752 filius
550 1714 671 1752 Alani
692 1714 851 1752 vocavit
879 1714 930 1752 ad
954 1713 1309 1760 warantizandum,
1332 1720 1372 1752 et
1401 1715 1468 1765 qui
1496 1716 1531 1753 ei
1552 1717 1736 1754 waranti-

218 1767 325 1805 zavit
357 1768 407 1806 de
440 1769 617 1806 manerio
649 1768 700 1806 de
728 1767 926 1806 Bouelton
961 1774 1001 1805 et
1026 1781 1107 1806 uno
1140 1768 1370 1806 molendino
1399 1799 1407 1807 .
1441 1801 1448 1808 .
1480 1800 1487 1807 .
1519 1769 1560 1806 in
1595 1770 1735 1808 eodem

217 1822 405 1870 manerio,
442 1822 618 1872 exceptis
648 1822 803 1861 duabus
836 1822 1029 1860 carucatis
1057 1828 1175 1860 terrae
1199 1827 1239 1860 et
1268 1823 1282 1860 i
1314 1822 1420 1860 tofto
1454 1829 1494 1860 et
1522 1837 1609 1861 xxx
1635 1824 1735 1862 acris

217 1875 337 1923 bosci,
370 1876 476 1915 unde
511 1876 703 1926 placitum
732 1876 812 1914 fuit
841 1877 948 1914 inter
978 1889 1043 1914 eos
1077 1876 1118 1913 in
1152 1875 1291 1914 eadem
1321 1876 1592 1926 Curia—scil.⁷
1626 1878 1733 1928 quod

217 1929 432 1980 praedictus
469 1930 605 1969 Abbas
643 1930 796 1968 remisit
833 1934 874 1968 et
912 1930 1093 1980 quietum
1131 1929 1319 1968 clamavit
1356 1930 1405 1968 de
1444 1943 1484 1968 se
1529 1961 1536 1968 .
1584 1962 1592 1970 .
1637 1963 1644 1971 .
1693 1939 1733 1970 et

217 1983 393 2022 Ecclesia
430 1997 501 2022 sua
538 1984 588 2022 de
626 1984 805 2022 Rievalle
848 1983 1039 2033 praedicto
1086 1983 1242 2022 Roaldo
1294 1983 1376 2022 filio
1423 1983 1568 2022 Roaldi
1611 2016 1619 2024 .

215 2043 349 2075 totum
368 2038 433 2088 jus
453 2044 495 2076 et
513 2038 700 2076 clamium
720 2037 826 2088 quod
846 2037 988 2075 habuit
1007 2037 1049 2074 in
1069 2042 1156 2075 toto
1175 2036 1366 2087 praedicto
1380 2038 1393 2062 ¹
1413 2039 1590 2077 manerio
1620 2070 1627 2077 .
1671 2069 1678 2077 .

216 2091 270 2129 Et
299 2105 371 2142 pro
400 2092 473 2130 hac
501 2092 743 2139 remissione,
776 2098 862 2139 etc„
894 2091 1107 2141 praedictus
1137 2091 1315 2129 Roaldus
1342 2092 1445 2129 filius
1470 2092 1617 2130 Roaldi
1643 2106 1732 2131 con-

217 2146 335 2183 cessit
353 2159 425 2195 pro
445 2159 486 2184 se
506 2151 546 2184 et
566 2146 790 2184 haeredibus
811 2146 892 2183 suis
912 2145 1019 2195 quod
1050 2145 1221 2183 reddent
1251 2145 1381 2183 eidem
1400 2146 1551 2184 Abbati
1579 2151 1620 2185 et
1649 2160 1731 2186 suc-

217 2200 438 2237 cessoribus
472 2200 553 2238 suis
582 2200 714 2237 xxxiii
743 2199 862 2237 libras
889 2199 1173 2250 sterlingorum
1202 2199 1308 2237 infra
1336 2199 1522 2238 undecim
1549 2213 1729 2239 annos—

216 2253 311 2301 scil.,
344 2253 524 2303 quolibet
557 2267 660 2292 anno
695 2254 737 2291 lx
768 2252 916 2291 solidos
943 2284 950 2291 .
981 2284 988 2291 .
1021 2283 1028 2290 .
1058 2253 1164 2303 apud
1197 2252 1451 2305 Ab[b]atiam
1483 2254 1521 2292 S.
1557 2254 1728 2305 Agathae

214 2307 333 2357 juxta
358 2307 642 2355 Richemunde,
666 2307 716 2345 ad
744 2307 845 2344 duos
869 2306 1211 2352 terminos—scil„
1233 2307 1489 2345 medietatem
1510 2308 1560 2345 ad
1587 2308 1729 2347 Pente-

214 2366 360 2408 costen,
393 2366 478 2408 etc.,
505 2374 712 2411 quousque
741 2360 870 2398 dictus
901 2361 1038 2399 Abbas
1067 2360 1131 2399 vel
1159 2374 1402 2399 successores
1428 2362 1488 2399 sui
1517 2363 1726 2412 praedictas

214 2415 344 2452 xxxiii
370 2414 490 2453 libras
520 2415 695 2465 plenarie
725 2415 984 2465 perceperint.
1044 2414 1099 2452 Et
1125 2414 1157 2452 si
1186 2415 1400 2465 praedictus
1420 2415 1597 2454 Roaldus
1624 2417 1728 2455 filius

214 2468 359 2507 Roaldi
379 2469 443 2506 vel
462 2469 639 2507 haeredes
661 2469 721 2506 sui
742 2469 783 2506 in
803 2468 1001 2506 solutione
1021 2468 1303 2519 praedictorum
1323 2469 1365 2507 lx
1395 2469 1613 2507 solidorum
1640 2500 1647 2508 .
1679 2501 1686 2508 .
1716 2501 1723 2508 .

214 2522 445 2570 defecerint,
478 2522 584 2560 idem
616 2522 794 2560 Roaldus
824 2522 930 2560 filius
962 2522 1107 2560 Roaldi
1141 2522 1336 2560 concessit
1361 2524 1552 2574 praedicto
1575 2523 1726 2562 Abbati

214 2590 234 2614 c
253 2576 442 2615 solidatas
461 2581 578 2615 terrae
606 2577 648 2614 in
668 2576 845 2614 manerio
873 2589 944 2614 suo
964 2576 1013 2614 de
1034 2576 1270 2623 Tanosour‚2
1290 2576 1331 2614 in
1352 2579 1461 2615 Com.
1486 2577 1724 2628 Norhampt.

215 2630 430 2669 Habendas
454 2663 461 2670 .
482 2662 490 2669 .
514 2661 522 2669 .
545 2630 670 2668 donec
690 2630 899 2680 praedictas
920 2630 1049 2668 xxxiii
1068 2630 1187 2668 libras
1208 2630 1382 2681 plenarie
1410 2631 1654 2681 perceperit:
1685 2636 1727 2670 et

215 2698 302 2723 cum
324 2684 537 2734 praedictus
556 2685 692 2722 Abbas
727 2715 734 2723 .
771 2715 778 2723 .
816 2715 823 2722 .
859 2684 1068 2735 praedictas
1091 2684 1222 2722 xxxiii
1246 2684 1366 2722 libras
1396 2685 1571 2734 plenarie
1596 2698 1726 2734 perce-

214 2738 358 2788 perint,
394 2738 593 2789 praedictae
626 2738 806 2776 solidatae
838 2742 955 2776 terrae
991 2769 998 2777 .
1033 2769 1040 2776 .
1076 2769 1083 2776 .
1119 2744 1373 2776 revertentur
1406 2738 1456 2776 ad
1488 2738 1724 2787 praedictum

212 2792 412 2831 Roaldum
440 2792 566 2830 filium
598 2791 743 2830 Roaldi
777 2797 817 2830 et
847 2791 1023 2830 haeredes
1052 2805 1143 2830 suos
1172 2792 1327 2843 integre
1357 2797 1398 2830 et
1423 2792 1555 2842 quiete
1582 2792 1725 2843 imper-

212 2852 388 2898 petuum.

341 2953 352 2972 1
381 2954 467 2985 Tota
482 2954 657 2994 praedicta.
965 2953 977 2971 ”-’
1000 2953 1132 2984 Tausor
1149 2953 1183 2984 in
1202 2952 1574 2994 Northamptoushire.
