2033 3242
591 244 902 275 CARTULARIUM
923 244 1229 275 RIEVALLENSE.
1585 240 1664 277 305

155 347 264 388 alius
285 347 460 388 habebit
480 347 624 401 aliqua
644 362 795 402 pecora
814 349 861 389 in
882 349 1030 390 eadem
1051 354 1226 402 pastura
1257 353 1412 402 praeter
1441 351 1665 403 praedictos

154 405 410 446 monachos:
442 405 769 448 Concessionem
791 439 799 448 .
822 441 830 448 .
853 440 860 448 .
884 421 990 460 quas
1012 406 1274 448 Gillebertus
1297 407 1348 447 de
1371 408 1530 457 Ganth,
1550 408 1665 449 filius

155 462 382 504 Gilleberti
412 462 464 503 de
486 463 644 513 Ganth,
666 497 674 506 .
698 497 707 506 .
728 497 737 506 .
758 465 861 506 fecit
881 465 974 506 Deo
994 498 1002 505 .
1025 498 1034 507 .
1057 497 1065 505 .
1089 464 1140 505 de
1161 469 1251 505 tota
1273 464 1499 506 donatione
1531 467 1664 519 patris

153 520 220 561 sui
240 533 370 574 quam
400 520 502 561 fecit
533 521 592 562 eis
623 535 698 575 per
727 528 886 563 cartam
914 536 1035 563 suam
1056 522 1108 563 de
1141 526 1229 563 tota
1250 527 1423 576 pastura
1443 523 1495 564 de
1518 523 1664 564 Suale-

152 577 259 627 dale,
280 591 379 618 cum
399 579 686 632 pertinenciis,
707 580 820 620 infra
841 585 974 621 certas
996 580 1154 621 divisas
1184 581 1231 620 in
1252 580 1365 620 dicta
1386 586 1501 621 carta
1530 583 1664 635 patris

152 635 220 676 sui
241 639 462 677 contentas
481 653 489 677 :
522 636 848 678 Concessionem
873 671 881 679 .
913 670 922 679 .
954 671 962 679 .
985 651 1090 691 quas
1111 639 1141 680 J
1144 638 1332 679 ohannes
1355 638 1406 679 de
1429 638 1665 688 Britannia,

153 693 303 734 Comes
325 693 624 735 Richmundiae
646 695 796 749 [filius]
827 695 962 736 Ducis
993 695 1228 736 Britanniae
1248 697 1568 750 primogenitus,
1589 711 1664 750 per

151 751 361 804 scriptum
383 765 508 792 suum
530 753 632 793 fecit
652 753 746 794 Deo
767 786 775 794 .
799 785 808 795 .
829 786 837 794 .
861 753 913 794 de
935 753 1132 794 omnibus
1163 755 1288 794 terris
1320 759 1364 794 et
1394 755 1663 804 tenementis,

150 809 337 862 pasturis
360 813 402 849 et
431 810 670 864 mesuagiis,
692 824 790 851 cum
820 811 1106 865 pertinenciis,
1128 825 1223 865 quae
1253 811 1412 852 habent
1443 816 1485 853 et
1514 816 1664 853 tenent

152 866 203 907 de
224 867 347 907 feodo
369 880 445 907 3110
467 867 513 907 111
536 867 770 917 Sualedale,
792 873 835 909 et
856 869 907 909 de
929 874 1019 909 toto
1042 869 1154 922 quod
1183 869 1343 910 habent
1374 874 1416 910 et
1446 875 1596 911 tenent
1616 871 1663 910 in

150 924 229 965 Est
251 924 437 965 Boletun
464 925 511 965 in
531 925 845 975 Wensleddale,
879 940 977 967 cum
1009 927 1206 968 omnibus
1239 927 1525 980 pertinenciiS,
1547 933 1590 969 et
1610 928 1662 968 de

148 981 283 1023 libero
304 983 490 1023 transitu
511 987 554 1023 et
574 984 749 1037 pacifico
771 984 958 1024 chimino
980 984 1174 1025 habendo
1196 984 1411 1038 praedictis
1442 986 1660 1026 monachis

150 1045 193 1080 et
233 1041 446 1081 conversis
497 1041 598 1090 suis,
629 1041 874 1082 hominibus
916 1046 959 1082 et
991 1042 1277 1083 servientibus
1311 1043 1553 1092 eorundem,
1588 1057 1664 1097 per

149 1098 351 1138 forestam
381 1098 518 1151 ipsius
547 1099 727 1140 Comitis
748 1099 800 1140 de
828 1099 1123 1140 Richemunde
1147 1113 1223 1153 per
1253 1106 1388 1141 certas
1418 1101 1584 1142 bundas
1621 1107 1663 1142 et

148 1160 284 1196 metas
324 1157 371 1196 in
408 1157 554 1196 eodem
595 1157 753 1210 scripto
789 1161 1036 1197 contentas:
1077 1157 1365 1198 Donationem
1406 1190 1414 1198 .
1456 1191 1464 1199 .
1506 1191 1514 1199 .
1557 1172 1663 1212 quas

147 1213 354 1254 Aibertus
376 1214 488 1254 filius
511 1215 690 1255 Henrici
711 1215 762 1255 de
784 1214 1131 1268 Hundeinaneby
1158 1248 1166 1256 .
1197 1247 1205 1256 .
1239 1248 1247 1256 .
1282 1215 1384 1256 fecit
1404 1216 1496 1256 Deo
1519 1250 1526 1257 .
1548 1249 1556 1256 .
1580 1249 1588 1256 .
1612 1217 1663 1258 de

147 1276 259 1312 terra
280 1272 326 1311 in
348 1271 605 1321 Grainehou,
627 1286 724 1312 cum
746 1272 1034 1326 pertinenciis,
1051 1277 1263 1326 quantum
1284 1273 1472 1326 pertinet
1489 1273 1541 1313 ad
1558 1274 1663 1315 duas

148 1329 485 1378 bovatas—scil„
516 1329 568 1370 de
599 1344 686 1370 una
716 1344 811 1370 acra
844 1334 886 1370 et
919 1334 1069 1383 quarta
1102 1335 1222 1383 parte
1258 1330 1386 1371 unius
1419 1331 1662 1384 perticatae:

149 1387 474 1428 Concessionem
506 1420 513 1428 .
543 1420 550 1428 .
584 1420 592 1429 .
625 1401 730 1441 quas
765 1388 915 1428 Comes
950 1387 1111 1441 Symon
1141 1421 1149 1428 .
1183 1418 1193 1428 .
1223 1421 1231 1429 .
1264 1388 1367 1428 fecit
1401 1388 1586 1430 Deo...
1611 1389 1662 1430 de

148 1444 313 1485 duabus
335 1445 502 1486 bovatis
523 1449 659 1495 terrae,
680 1459 778 1486 011111
799 1445 1088 1499 pertinenciis,
1109 1445 1155 1485 in
1175 1446 1387 1486 territorio
1409 1446 1461 1487 de
1482 1447 1662 1488 Hunde-

147 1503 360 1554 mannebi‚
396 1517 478 1552 eas,
512 1503 651 1552 videl.,
687 1517 793 1556 quas
831 1503 983 1544 Comes
1013 1503 1273 1544 Gillebertus
1307 1504 1358 1544 de
1391 1504 1507 1545 Gant
1536 1510 1661 1546 antea

144 1560 232 1601 illis
264 1560 507 1609 donaverat,
540 1565 583 1602 et
613 1561 665 1601 de
701 1561 921 1602 mansione
957 1561 1160 1602 fratribus
1187 1575 1333 1602 eorum
1360 1562 1471 1603 sicut
1503 1563 1661 1604 fossata

144 1632 289 1659 eorum
329 1632 404 1672 per
444 1619 670 1659 circuitum
710 1632 856 1660 eorum
890 1623 1231 1673 praemonstrant,
1264 1624 1307 1660 et
1347 1619 1399 1660 de
1441 1621 1659 1661 communi

142 1679 318 1730 pastura
347 1677 393 1716 in
430 1676 578 1717 eodem
612 1676 822 1717 territorio
859 1677 914 1717 ad
944 1677 1200 1730 quingentas
1232 1691 1342 1726 oves,
1363 1683 1406 1718 et
1437 1678 1490 1718 ad
1531 1679 1660 1720 boves

143 1739 187 1775 et
217 1747 348 1788 equos
379 1739 590 1788 quantum
620 1735 807 1788 pertinet
848 1734 902 1776 ad
932 1739 1115 1788 quatuor
1146 1736 1447 1776 carucae—Ita
1478 1741 1527 1777 ut
1557 1736 1659 1778 foris

143 1796 186 1833 et
206 1792 324 1833 intus
345 1792 478 1833 libere
497 1791 765 1848 pascant[ur]
787 1793 1045 1846 ubicunque,
1067 1826 1074 1834 .
1099 1826 1107 1834 .
1131 1826 1139 1834 .
1162 1796 1205 1833 et
1221 1793 1272 1833 de
1287 1793 1514 1834 donatione
1531 1808 1659 1847 quam

143 1850 398 1903 Radulphus
420 1850 472 1891 de
493 1851 536 1891 N
539 1851 669 1891 ovilla
690 1851 791 1891 fecit
813 1851 874 1891 eis
895 1851 947 1891 de
969 1864 1055 1891 una
1076 1855 1274 1891 carucata
1295 1856 1430 1900 terrae,
1452 1865 1550 1892 cum
1572 1866 1660 1905 per-

141 1908 354 1957 tinenciis,
390 1922 486 1962 quae
520 1908 605 1949 fuit
641 1908 799 1949 Alfrici
834 1909 880 1948 in
912 1909 1062 1962 Strop',
1098 1915 1140 1949 et
1177 1908 1228 1949 de
1265 1908 1493 1950 donatione
1530 1923 1658 1963 quam

142 1965 397 2020 Ranulphus
428 1966 542 2007 filius
563 1966 746 2007 WValteri
768 1967 869 2007 fecit
890 1966 949 2007 eis
981 1966 1026 2006 in
1058 1966 1341 2007 Folchetona:
1372 1967 1660 2009 Donationem

183 2057 191 2064 .
224 2057 232 2064 .
265 2037 370 2077 quas
391 2024 638 2065 Willelmus
669 2024 877 2065 Landeles
899 2024 951 2064 de
979 2024 1137 2064 Holme
1169 2057 1178 2066 .
1211 2057 1219 2065 .
1252 2057 1261 2065 .
1293 2024 1394 2065 fecit
1423 2025 1585 2066 Abbati
1616 2031 1659 2066 et

141 2081 361 2122 monachis
382 2082 595 2135 praedictis
618 2082 669 2123 de
690 2095 776 2122 una
797 2082 1004 2135 perticata
1024 2087 1158 2131 terrae,
1179 2096 1276 2122 cum
1298 2082 1585 2135 pertinenciis,
1606 2084 1658 2124 de

141 2139 411 2193 longitudine
433 2143 475 2180 et
495 2139 723 2180 latitudine
740 2139 895 2193 viginti
916 2139 1086 2192 pedum,
1109 2139 1160 2180 de
1177 2140 1361 2193 quodam
1383 2140 1558 2182 301110110
1580 2154 1656 2182 3110

141 2197 217 2251 qui
238 2197 408 2237 abuttat
428 2210 555 2250 super
584 2202 759 2251 pontem
790 2197 842 2238 de
875 2197 1115 2238 Croswath:
1147 2197 1434 2239 Donationem
1456 2232 1464 2241 .
1487 2231 1495 2240 .
1518 2232 1526 2241 .
1550 2213 1656 2253 quas

142 2255 353 2296 Robertus
394 2254 509 2295 filius
550 2255 722 2295 Ranulfi
763 2254 815 2296 de
856 2255 990 2295 Holm
1025 2288 1034 2296 .
1076 2289 1084 2296 .
1127 2289 1135 2297 .
1177 2256 1280 2296 fecit
1315 2256 1408 2297 Deo
1449 2290 1457 2298 .
1499 2289 1508 2298 .
1551 2290 1558 2298 .
1602 2257 1654 2298 de

142 2316 324 2377 quatuor
354 2312 573 2366 perticatis
606 2317 740 2361 101100,
773 2326 871 2353 011111
903 2312 1192 2367 pertinenciis,
1213 2313 1258 2353 in
1290 2313 1428 2355 latum
1455 2314 1502 2355 in
1532 2316 1653 2355 terri-

141 2370 250 2411 torio
287 2370 339 2411 de
380 2370 525 2421 Holm,
557 2375 600 2411 et
634 2371 686 2411 de
717 2370 896 2411 dimidia
931 2384 1026 2411 acra
1061 2375 1194 2420 terrae,
1226 2385 1324 2412 cum
1365 2373 1652 2426 pertinenciis,

141 2441 236 2482 quae
267 2404 525 2469 extenditur
536 2441 560 2468 a
590 2433 720 2482 ponte
742 2428 794 2469 de
826 2428 1046 2469 Croswath
1067 2442 1213 2470 versus
1243 2443 1403 2470 moram
1438 2431 1489 2471 de
1523 2430 1650 2471 Bule-

140 2486 299 2526 fordia:
349 2486 638 2526 Donationem
670 2519 678 2527 .
709 2499 896 2540 ..quas
937 2486 1216 2527 Maimeduck
1253 2487 1305 2528 de
1345 2487 1558 2542 D[a]re1.

140 2544 242 2585 fecit
262 2543 356 2585 Deo
376 2576 384 2585 .
409 2577 417 2585 .
439 2577 446 2585 .
470 2544 521 2584 de
543 2543 727 2598 quadam
756 2547 868 2584 terra
898 2544 943 2584 in
968 2544 1176 2585 territorio
1207 2544 1259 2586 de
1290 2545 1435 2594 Holm‚
1458 2546 1510 2586 ab
1532 2546 1651 2599 aqui-

140 2601 274 2642 lonali
304 2601 405 2651 scil„
425 2605 546 2655 parte
567 2602 648 2642 viae
670 2615 755 2655 qua
774 2601 862 2642 itur
882 2601 934 2642 de
957 2602 1153 2643 Croswad
1174 2616 1321 2644 versus
1353 2603 1651 2652 Bolefordiam,

140 2659 325 2700 habente
355 2660 402 2699 in
431 2659 699 2713 longitudine
720 2659 799 2700 lxta
819 2659 1058 2714 perticatas,
1078 2660 1125 2700 in
1145 2660 1376 2701 latitudine
1398 2675 1508 2710 vero,
1525 2662 1653 2714 juxta

140 2720 270 2771 caput
299 2717 456 2771 pontis,
477 2717 582 2758 duas
603 2718 828 2771 perticatas
854 2722 897 2758 et
917 2717 1151 2767 dimidiam,
1172 2723 1215 2759 et
1245 2718 1297 2759 de
1328 2719 1492 2759 duabus
1523 2719 1652 2772 perti-

141 2775 246 2816 catis
283 2780 326 2816 et
357 2780 540 2829 quatuor
571 2775 752 2829 pedibus
783 2775 910 2828 juxta
943 2789 1116 2825 moram,
1148 2780 1190 2816 et
1221 2776 1274 2816 de
1308 2776 1378 2816 via
1417 2776 1550 2817 libera
1579 2789 1654 2830 per

141 2846 301 2873 moram
318 2837 529 2886 quantum
550 2838 662 2874 terra
678 2846 754 2873 sua
770 2833 953 2882 duravit,
975 2833 1077 2882 scil„
1093 2847 1227 2887 usque
1246 2833 1403 2882 Coldic,
1421 2834 1472 2874 ad
1490 2834 1653 2875 averias

141 2903 239 2931 suas
270 2890 537 2932 deducendas
569 2895 612 2932 et
641 2890 915 2939 reducendas,
936 2896 979 2932 et
1000 2890 1053 2931 ad
1085 2895 1235 2932 caetera
1266 2891 1517 2932 aisiamenta
1547 2905 1651 2933 sua:

890 2959 920 2989 U
