2033 3242
572 301 886 333 CARTULARIUM
907 302 1212 333 RIEVALLENSE.
1568 298 1648 336 163

141 420 324 448 suorum.
365 407 423 447 Et
433 406 549 447 idem
565 406 711 447 Abbas
727 410 770 447 et
783 420 1042 448 successores
1058 407 1126 448 sui
1142 406 1361 448 habebunt
1377 421 1647 450 communam

141 464 329 518 herbagii
353 469 397 505 et
425 477 617 518 pessonae
647 464 693 504 in
724 464 923 506 omnibus
952 464 1167 518 praedictis
1188 464 1326 506 boscis
1348 469 1391 506 et
1410 466 1573 507 tenuris
1595 467 1647 508 de

142 522 387 563 Haumelak
407 527 450 563 et
480 521 692 570 Pokeleia,
713 522 903 576 exceptis
932 522 1148 576 praedictis
1178 522 1317 564 boscis
1338 523 1390 564 de
1420 523 1647 565 Plocwude

141 583 185 620 et
217 579 382 621 duobus
416 579 568 633 parcis,
588 584 639 620 ut
672 579 926 633 praedictum
961 585 1036 628 est,
1069 580 1144 620 ubi
1175 580 1341 622 nullam
1377 594 1647 622 communam

139 636 295 679 habere
316 637 484 686 debent,
505 636 560 677 ad
589 637 834 678 omnimoda
863 637 1064 678 animalia
1095 641 1137 678 et
1166 651 1319 692 pecora
1349 652 1436 688 sua,
1457 640 1648 694 exceptis

140 695 290 748 capris,
320 709 418 736 cum
453 694 586 735 libero
622 695 800 736 introitu
835 699 878 736 et
909 696 1029 737 exitu
1058 696 1293 745 hominum,
1324 697 1576 737 animalium
1606 701 1648 738 et

139 765 340 806 pecorum
376 766 560 801 suorum,
582 756 625 793 et
660 752 714 793 ad
749 753 999 794 cariandum
1035 753 1150 807 quod
1180 754 1414 795 necessarie
1449 754 1648 804 habeant,

140 810 232 851 sine
272 811 416 864 aliquo
457 810 774 864 impedimento.
856 810 1015 852 Omnes
1051 815 1194 852 autem
1240 812 1454 866 praedictae
1494 826 1648 854 novem

140 873 348 909 carucatae
369 873 503 917 terrae,
525 882 623 909 cum
653 868 851 909 omnibus
883 869 1019 910 boscis
1041 869 1141 918 suis,
1163 873 1207 910 et
1235 870 1489 923 praedictum
1519 884 1649 911 assar-

139 929 245 975 tum,
281 939 380 967 cum
412 926 701 980 pertinenciis,
722 926 943 967 habebunt
977 931 1018 967 et
1050 927 1261 968 tenebunt
1295 927 1408 969 idem
1439 928 1584 969 Abbas
1606 933 1649 969 et

140 997 402 1024 successores
419 983 497 1032 sui,
514 989 556 1024 et
572 983 763 1024 Ecclesia
780 984 819 1025 S.
836 983 988 1024 Mariae
1004 984 1056 1025 de
1069 984 1273 1034 Rievalle,
1287 985 1366 1026 sub
1383 999 1460 1026 sua
1480 986 1648 1039 propria

140 1041 334 1082 custodia
354 1042 400 1082 in
422 1042 630 1090 omnibus,
653 1041 764 1082 sicut
784 1041 1036 1094 praedictum
1058 1046 1134 1091 est,
1154 1042 1200 1082 in
1220 1042 1411 1092 liberam,
1432 1057 1585 1097 puram
1607 1048 1650 1084 et

137 1104 386 1153 perpetuam
418 1099 704 1148 elemosinam,
724 1099 914 1152 quietam
949 1100 1003 1140 ab
1038 1099 1156 1139 omni
1191 1100 1382 1141 saeculari
1410 1101 1585 1141 servitio
1607 1107 1650 1142 et

140 1157 360 1198 exactione
381 1157 428 1197 in
452 1162 719 1211 perpetuum.
780 1157 836 1197 Et
866 1156 981 1197 idem
1011 1157 1259 1198 Willelmus
1291 1162 1333 1199 et
1363 1158 1550 1199 haeredes
1582 1159 1649 1199 sui

140 1215 479 1255 warantizabunt
523 1247 532 1256 .
578 1247 587 1256 .
635 1247 644 1256 .
690 1215 747 1254 Et
785 1227 861 1268 pro
901 1214 983 1255 hac
1023 1215 1325 1269 recognitione,
1366 1216 1649 1265 concessione,

139 1272 356 1322 warantia,
378 1272 462 1313 fine
483 1275 526 1313 et
561 1271 784 1313 concordia
818 1271 934 1312 idem
965 1272 1113 1313 Abbas
1146 1272 1265 1313 dedit
1297 1273 1500 1327 praedicto
1539 1274 1648 1314 Wil-

138 1330 267 1371 lelmo
289 1331 382 1371 cctas
403 1343 565 1371 marcas
586 1329 762 1383 argenti.
823 1328 966 1385 [146b]
990 1329 1154 1379 Postea,
1175 1343 1316 1371 coram
1331 1331 1518 1371 Domino
1535 1331 1649 1385 Rege

140 1393 182 1428 et
203 1388 294 1442 ejus
316 1387 505 1436 concilio,
526 1388 641 1441 apud
661 1387 853 1436 Westm„
874 1401 898 1427 a
920 1387 988 1428 die
1019 1387 1193 1428 Paschae
1214 1388 1260 1428 in
1281 1388 1527 1442 quindecim
1548 1389 1651 1438 dies,

141 1446 243 1500 quia
275 1445 502 1499 praedictus
537 1445 685 1486 Abbas
718 1444 830 1485 dixit
865 1445 991 1498 quod,
1012 1459 1037 1485 a
1069 1445 1321 1486 fundatione
1353 1446 1520 1487 Domus
1551 1460 1650 1496 suae,

140 1504 231 1558 ipse
253 1508 296 1544 et
331 1516 477 1544 omnes
512 1503 838 1557 praedecessores
874 1503 942 1543 sui
973 1507 1073 1543 ante
1110 1504 1421 1545 confectionem
1456 1504 1649 1558 praedicti

141 1562 249 1611 finis,
272 1565 314 1602 et
335 1574 501 1614 semper
521 1566 668 1614 postea
688 1573 823 1614 usque
844 1574 959 1601 1111116
990 1561 1161 1601 fuerant
1182 1561 1227 1601 in
1249 1561 1406 1602 seisina
1427 1562 1650 1603 scindendi

139 1619 359 1660 husasium
373 1619 387 1643 1
411 1619 456 1658 in
477 1619 631 1672 hyeme
652 1618 705 1658 ad
726 1618 855 1659 boves
877 1622 920 1659 et
934 1632 1084 1659 vaccas
1106 1623 1149 1660 et
1170 1632 1268 1660 oves
1290 1633 1399 1668 suas,
1421 1619 1650 1674 colligendi

138 1690 280 1726 nuces,
301 1676 576 1717 comburendi
596 1675 808 1717 brueriam
823 1675 839 1699 2
860 1676 905 1715 in
925 1679 1100 1730 pastura
1119 1676 1230 1717 infra
1250 1677 1473 1730 praedictos
1490 1678 1648 1728 boscos,

141 1740 183 1776 et
203 1734 387 1775 faciendi
408 1735 608 1775 carbones
630 1734 684 1774 ad
705 1747 808 1774 usus
831 1747 929 1774 suos
950 1734 1152 1787 proprios,
1176 1738 1219 1775 et
1240 1735 1292 1775 de
1322 1735 1402 1776 hoc
1424 1735 1582 1789 optulit
1604 1749 1648 1776 se

139 1806 266 1847 super
285 1793 480 1846 patriam,
511 1796 553 1832 et
582 1791 810 1846 praedictus
841 1791 1087 1833 Willelmus
1118 1792 1259 1833 noluit
1288 1806 1442 1846 ponere
1473 1806 1518 1834 se
1548 1793 1648 1834 inde

138 1864 267 1904 super
296 1850 489 1904 patriam,
517 1863 595 1890 1166
625 1849 740 1890 idern
767 1849 914 1890 Abbas
945 1863 1020 1903 per
1049 1850 1302 1903 praedictum
1323 1851 1451 1890 finem
1483 1851 1535 1891 de
1564 1851 1649 1892 hiis

138 1907 346 1949 habendis
379 1907 618 1956 exauditur,
651 1907 966 1948 consideratum
999 1912 1063 1948 est
1095 1908 1209 1960 quod
1239 1909 1469 1962 praedictus
1499 1909 1646 1950 Abbas

138 1966 274 2020 possit
294 1966 485 2007 scindere
501 1965 724 2006 husasium
754 1965 800 2005 in
830 1965 984 2019 hyeme
1015 1965 1069 2005 ad
1099 1966 1228 2006 boves
1250 1970 1293 2006 et
1313 1979 1462 2007 vaccas
1484 1971 1526 2007 et
1548 1980 1647 2008 oves

138 2037 248 2073 suas,
281 2037 410 2064 nuces
451 2023 658 2077 colligere,
698 2023 910 2064 brueriam
951 2023 1197 2064 comburere
1236 2023 1283 2063 in
1322 2028 1497 2077 pastura
1536 2024 1647 2065 infra

138 2082 363 2135 praedictos
384 2082 543 2130 boscos,
572 2081 774 2122 carbones
805 2081 942 2121 facere
973 2080 1019 2120 in
1049 2081 1263 2134 praedictis
1293 2081 1430 2122 boscis
1460 2082 1514 2122 ad
1544 2096 1647 2123 usus

140 2153 238 2180 suos
259 2139 461 2193 proprios,
491 2139 553 2179 ita
583 2139 697 2193 quod
729 2152 815 2178 non
845 2138 980 2192 possit
1010 2144 1274 2192 prosternere
1305 2139 1448 2193 plures
1479 2139 1647 2181 arbores

140 2197 187 2237 111
217 2211 303 2237 una
333 2197 472 2251 placia
502 2197 594 2237 sine
623 2195 779 2237 modo3
808 2209 883 2249 per
913 2195 1081 2236 diversa
1111 2196 1230 2247 loca3
1261 2200 1303 2238 et
1333 2197 1577 2238 Willelmus
1602 2198 1647 2238 in

138 2254 436 2295 misericordia.

198 2369 442 2411 CCXVIII.
488 2367 610 2424 [147]
644 2379 820 2409 CLXXIII.
851 2368 1108 2417 Turstinus‚4
1139 2369 1190 2410 D.
1225 2369 1296 2412 Gr.
1333 2370 1456 2411 Ebor.
1498 2370 1873 2411 14116111-Οοῐιῆιιιιᾶῒῐῡ11

139 2428 374 2482 episcopus,
396 2427 552 2468 dilecto
582 2427 627 2466 in
659 2426 828 2467 Christo
850 2426 950 2477 filio,
973 2426 1163 2467 Waltero
1184 2427 1331 2481 Espec,
1362 2433 1404 2469 et
1434 2414 1805 2479 1111111615151ῗῖἰῇΓώ

138 2486 407 2540 parochianis
429 2485 527 2533 suis,
559 2518 566 2525 .
639 2484 833 2525 .Divini
854 2460 996 2525 studio
1017 2484 1159 2525 cultus
1177 2490 1218 2526 et
1237 2486 1433 2526 fraternae
1455 2487 1644 2527 calitatis
1662 2482 1754 2540 ξέᾜξῗ
1748 2482 1808 2539 2²¹¹
1821 2481 1854 2506 Of

138 2543 292 2584 affectu
313 2543 552 2597 Ρ161116ν611
572 2517 752 2596 quisque
774 2542 899 2582 (lebet
920 2542 1142 2596 episcopus
1170 2543 1441 2584 ecclesiarum
1463 2548 1506 2585 et
1525 2558 1643 2585 mon·
1662 2548 1791 2614 Ersglftss'oss

139 2601 389 2642 asteriorum
411 2614 506 2654 quae
526 2600 572 2640 in
604 2599 775 2653 dyocesi
806 2613 882 2640 sua
913 2603 1015 2640 sunt
1045 2614 1190 2641 curam
1220 2615 1373 2655 gerere,
1395 2606 1437 2642 613
1469 2616 1562 2656 quae
1584 2590 1679 2642 eisg
1665 2615 1855 2642 Foundation.

139 2659 193 2700 ad
214 2659 569 2700 sustentationem
590 2671 806 2698 servorum
836 2657 920 2698 Dei
950 2657 1002 2698 de
1024 2657 1253 2699 elemosina
1280 2635 1470 2700 fidelium
1492 2659 1645 2700 collata

181 2747 193 2767 ¹
216 2748 413 2788 Husaqium
442 2758 482 2779 or
519 2747 719 2779 Husasizcm.
791 2746 855 2778 See
932 2745 1033 2788 ously
1064 2748 1161 2779 “out
1186 2747 1222 2779 of
1252 2748 1433 2787 measuiess
1475 2759 1513 2780 or
1565 2749 1645 2780 ‘im-

139 2795 240 2824 notes
256 2794 293 2823 to
305 2791 371 2823 No.
391 2800 475 2823 VIII.
932 2789 1163 2831 moderately,
1169 2790 1188 2804 '’
1211 2791 1280 2822 and
1311 2792 1372 2823 the
1398 2792 1541 2834 ieading
1567 2803 1644 2834 sug-

182 2835 195 2855 2
217 2835 432 2867 Bruberiam.
931 2833 1054 2874 gested
1070 2833 1224 2875 supplies
1240 2835 1330 2873 that,
1349 2835 1417 2866 and
1431 2846 1510 2876 may
1526 2835 1568 2866 be
1585 2835 1646 2867 the

181 2880 195 2900 ³
219 2878 303 2910 This
318 2879 348 2910 is
372 2880 434 2909 not
457 2877 593 2919 plainly
616 2876 770 2908 written.
820 2875 856 2907 It
932 2876 1077 2919 reading
1093 2877 1271 2909 intended.

139 2921 237 2953 looks
274 2921 345 2953 like
374 2923 476 2954 inmo.
535 2920 572 2952 It
602 2920 715 2962 might
746 2919 788 2950 be
826 2923 856 2950 si
975 2919 988 2938 ⁴
1010 2919 1198 2958 Thurstan,
1230 2922 1336 2962 1117;
1360 2920 1645 2963 consecratedby

138 2975 202 2997 mo.
262 2964 336 2996 The
366 2974 465 2996 sense
499 2963 662 3005 required
693 2963 722 2995 is
760 2961 854 2994 obvi-
932 2962 993 2994 the
1010 2963 1151 3006 Popein
1170 2945 1279 3001 1'1193
1303 2949 1358 2996 ob.
1380 2965 1476 2996 1139-
1480 2965 1533 2997 40.
