2033 3242
566 271 877 302 CARTULARIUM
898 271 1205 302 RIEVALLENSE.
1561 266 1579 303 1
1589 266 1610 303 9
1618 266 1640 303 5

133 377 266 418 carior
315 381 358 418 et
407 376 617 430 acceptior
656 390 746 418 esse
795 376 1008 431 probatur,
1058 375 1316 417 fraternitati
1365 379 1518 417 vestrae
1568 390 1643 430 per

131 434 380 489 Apostolica
415 434 572 487 scripta
607 434 859 475 mandamus
895 434 1099 488 quatinus
1131 434 1244 474 infra
1285 447 1373 473 xxx
1416 433 1505 474 dies
1546 438 1642 488 post

132 492 285 532 harum
331 492 655 545 susceptionem,
695 492 917 545 praedictos
958 492 1071 532 viros
1119 491 1299 532 sollicite
1340 491 1558 540 moveatis,
1599 496 1642 532 et

133 550 322 591 districte
353 549 605 590 auctoritate
636 554 779 590 nostra
811 549 1087 603 compellatis,
1117 554 1167 589 ut
1199 549 1375 602 praefato
1405 549 1568 590 Abbati
1599 555 1641 590 et

133 607 335 648 fratribus
356 621 541 656 nemora,
562 607 744 656 novalia,
766 612 920 648 terram
937 611 978 648 et
999 612 1151 648 caetera
1172 606 1325 655 ablata,
1347 607 1438 647 sine
1460 620 1577 647 mora
1599 611 1642 648 et

131 664 381 706 difficultate
401 665 642 714 restituant,
672 665 780 706 etin
809 679 913 718 pace
943 665 1141 718 deinceps
1173 668 1216 706 et
1246 665 1388 717 quiete
1410 664 1642 715 dimittant,

131 722 316 776 dampna
329 723 428 763 data
443 723 683 771 resarciant,
700 722 770 764 vel
782 723 828 763 in
844 723 1069 777 praesentia
1089 727 1231 763 vestra
1246 722 1417 775 plenam
1435 736 1562 776 super
1574 723 1641 764 his

131 781 329 821 omnibus
346 781 560 834 justitiam
578 781 818 821 exhibeant.
880 781 925 821 Si
945 785 1088 822 autem
1109 780 1284 821 monitis
1300 780 1456 821 nostris
1477 780 1640 822 obtem-

131 851 275 891 perare
316 839 661 892 contempserint,
697 852 777 887 eos,
817 842 961 878 nostra
1006 838 1104 879 freti
1154 838 1418 887 auctoritate,
1459 838 1641 892 publice,

131 896 317 937 accensis
338 896 537 945 candelis,
559 895 948 944 excommunicet-is,
961 901 1003 936 et
1022 899 1178 937 terram
1200 909 1345 936 eorum
1365 896 1640 946 interdicatis,

131 957 173 994 et
209 954 246 994 si
279 954 325 994 in
366 954 802 995 excommunicatione
843 954 1100 994 decesserint
1140 954 1200 994 eis
1241 954 1506 1007 sepulturam
1545 967 1639 1008 pro-

130 1011 313 1052 hibeatis
364 1012 693 1053 ecclesiasticam
732 1011 961 1065 indulgere.
1041 1011 1251 1052 Praeterea
1291 1011 1343 1052 de
1384 1011 1546 1064 Rogero
1587 1012 1639 1053 de

130 1069 316 1110 Molbrai
337 1075 380 1110 et
409 1070 450 1109 N
453 1069 591 1124 igello,
611 1069 698 1109 filio
729 1069 832 1122 ejus,
852 1068 992 1109 Alano
1023 1068 1076 1110 de
1106 1069 1361 1117 Bulefordia‚
1383 1069 1566 1110 Roberto
1588 1070 1640 1111 de

131 1127 264 1175 Vado,
287 1127 470 1168 Radulfo
501 1128 629 1168 fratre
652 1128 754 1181 ejus,
775 1130 818 1167 et
847 1126 1059 1167 Everardo
1082 1127 1133 1167 de
1154 1127 1250 1175 Ros,
1283 1131 1325 1167 et
1346 1127 1530 1167 Roberto
1551 1127 1639 1168 filio

131 1184 301 1234 Emisii,
335 1186 418 1225 nisi
448 1185 662 1239 praedictis
691 1184 853 1225 Abbati
884 1187 926 1224 et
956 1184 1159 1224 fratribus
1190 1184 1331 1224 ablata
1362 1184 1639 1234 restituerint,

133 1242 253 1296 [166]
291 1247 333 1283 et
365 1243 551 1296 dampna
591 1243 689 1283 data
728 1241 1004 1291 resarcierint,
1038 1241 1107 1282 vel
1147 1242 1227 1282 sub
1266 1245 1408 1282 vestro
1444 1243 1639 1283 examine

128 1300 309 1354 justitiae
341 1300 652 1354 plenitudinem
687 1299 971 1348 exhibuerint,
1003 1299 1182 1340 eandem
1210 1299 1425 1353 justitiam
1458 1300 1637 1341 faciatis.

133 1359 295 1399 Datum
316 1358 547 1399 Tusculani
577 1391 584 1399 .
619 1389 627 1397 .
660 1391 667 1398 .
690 1372 718 1398 x
739 1356 822 1398 kal.
845 1357 1007 1398 Martii.

191 1473 846 1527 CCLXIII.1.Rogero,Ebor
862 1472 1252 1526 Archiepiscopo..
1275 1473 1341 1513 F
1342 1473 1635 1514 laternitatem
1654 1482 1746 1515 P2pal
1758 1490 1800 1509 re

132 1536 251 1572 tuam
273 1532 380 1572 scire
400 1507 599 1572 volumus
603 1507 799 1572 0firmiter
819 1535 861 1572 et
882 1536 1027 1571 tenere
1049 1531 1162 1595 quod
1184 1544 1232 1571 eo
1253 1530 1451 1571 karitatis
1472 1531 1635 1572 fervore
1651 1517 1840 1584 §regiis‘imp

131 1603 354 1654 personam
374 1593 494 1629 tuam
527 1589 580 1629 ob
616 1588 874 1654 multiplicia
905 1593 991 1629 tuae
1022 1588 1274 1642 glatissimae
1305 1588 1542 1630 devotionis
1564 1590 1635 1629 ob-
1655 1585 1849 1650 {gfffifgfnm

132 1647 278 1700 sequia
310 1647 432 1687 nobis
469 1647 714 1701 frequenter
745 1648 926 1700 inpensa
962 1646 1192 1700 diligimus,
1209 1650 1258 1686 ut
1285 1646 1420 1687 nichil
1449 1647 1530 1687 tibi
1560 1647 1635 1687 ali·
1653 1652 1807 1718 ssssgffizffeg

133 1704 302 1758 quando
342 1705 548 1759 denegare
588 1704 772 1746 velimus
813 1704 928 1758 quod
960 1704 1137 1745 cuilibet
1170 1705 1352 1744 fratrum
1393 1710 1636 1745 nostrorum
1655 1719 1837 1751 injusticeof

132 1763 267 1803 facere
288 1762 545 1803 (1011010111115.
607 1762 662 1802 In
678 1776 726 1803 eo
743 1767 886 1803 autem
900 1761 1013 1815 quod
1029 1761 1080 1803 de
1098 1762 1401 1815 compellendis
1418 1762 1636 1803 monachis
1653 1754 1834 1814 ἷῇῗέξῐξξοω

133 1820 240 1861 albis
277 1825 320 1861 et
355 1820 498 1874 1118115,
535 1816 750 1861 canonicis
790 1820 1054 1874 regularibus
1089 1824 1131 1860 et
1162 1819 1448 1869 saecularibus,
1470 1821 1524 1860 ad
1555 1820 1636 1861 sol-
1656 1821 1810 1881 gl'ffissgrf

132 1878 292 1919 vendas
313 1878 498 1919 decimas
520 1878 571 1919 de
602 1878 724 1919 terris
755 1878 975 1919 conductis
1006 1891 1110 1931 quas
1141 1877 1301 1918 habent
1322 1878 1376 1918 ad
1406 1878 1639 1919 terminum
1656 1895 1714 1920 any
1727 1889 1825 1915 Order

133 1936 203 1977 vel
223 1936 276 1977 ad
311 1936 488 1984 firmam,
520 1950 544 1976 a
575 1936 697 1977 nobis
728 1941 813 1977 tuae
835 1935 1101 1977 discietionis
1132 1935 1362 1988 prudentia
1391 1936 1639 2000 postulavit,

134 1999 177 2034 te
197 1994 267 2034 vel
288 1994 421 2034 alium
453 1994 688 2048 quemlibet
719 1994 864 2034 audire
895 1993 966 2034 vel
997 1993 1197 2034 exaudire
1219 1993 1339 2034 nulla
1359 1994 1522 2035 ratione
1543 2007 1638 2047 pos-

135 2065 275 2092 semus
290 2052 374 2092 nisi
387 2052 613 2092 manifeste
626 2051 834 2093 vellemus
848 2051 1019 2092 obviaie
1031 2051 1212 2104 ι111511131εο
1227 2056 1269 2092 et
1284 2052 1640 2105 praedecessorum

136 2114 377 2150 nostrorum
398 2109 745 2150 institutionibus
777 2109 996 2158 contraire,
1018 2123 1072 2149 ne
1102 2108 1345 2150 videremui
1375 2109 1641 2162 Religionem

134 2167 333 2220 prosequi
354 2181 494 2221 quam,
515 2168 552 2208 si
573 2167 712 2208 forte
701 2181 748 2207 111
775 2167 897 2208 1101115
928 2180 1015 2207 11011
1044 2166 1262 2215 habemus,
1283 2167 1329 2207 in
1351 2167 1445 2208 aliis
1467 2153 1643 2222 diligere

135 2229 178 2265 et
218 2225 358 2265 fovere
399 2230 602 2266 tenemur.
683 2225 870 2266 Cautum
910 2224 1123 2278 siquidem
1164 2224 1347 2265 habetur
1386 2226 1431 2265 in
1474 2225 1643 2279 scriptis

133 2282 489 2347 praedecessorum
511 2287 762 2331 nostrorum,
784 2283 1073 2322 Romanorum
1103 2282 1371 2332 Pontificum,
1393 2283 1506 2337 quod
1529 2283 1643 2324 Reli-

135 2339 243 2394 giosi
257 2340 339 2380 viri
355 2340 408 2380 ab
426 2340 646 2381 exactione
661 2340 921 2381 decimarum
937 2339 989 2380 de
1002 2340 1217 2381 laboribus
1232 2341 1320 2381 suis
1336 2355 1442 2394 quos
1463 2341 1644 2395 propriis

135 2397 333 2438 manibus
355 2397 424 2438 vel
446 2398 689 2452 sumptibus
721 2398 920 2452 colerent,
944 2402 987 2438 et
1018 2397 1070 2438 de
1091 2399 1369 2439 nutrimentis
1392 2399 1645 2439 animalium

136 2468 321 2503 suorum,
355 2469 524 2509 prorsus
557 2461 699 2497 essent
731 2455 953 2496 immunes.
1028 2455 1102 2496 Set
1141 2456 1222 2510 pize
1254 2457 1560 2498 recordationis
1592 2456 1644 2498 A.

136 2513 264 2567 Papa,
298 2512 576 2554 (10(1000550112
616 2517 771 2562 noster,
803 2513 1006 2554 “labores
1024 2512 1045 2528 ’'
1085 2513 1132 2554 in
1169 2518 1189 2534 “
1207 2514 1379 2555 novalia
1394 2515 1414 2530 ''
1457 2528 1533 2568 pro
1569 2527 1646 2555 sua

180 2628 192 2647 ¹
216 2628 289 2660 The
316 2628 468 2670 heading
494 2628 531 2660 of
556 2629 617 2661 the
640 2628 721 2661 Bull
738 2629 767 2660 is
793 2631 854 2660 cut
930 2638 1031 2670 carry
1048 2639 1117 2670 any
1133 2629 1541 2671 apparent‘significance
1558 2630 1645 2661 with

135 2671 187 2703 off
205 2672 242 2704 in
265 2672 326 2704 the
341 2672 498 2714 binding,
516 2672 598 2711 and,
618 2683 655 2704 so
671 2672 736 2711 far,
755 2671 854 2703 there
931 2672 968 2703 it.
1030 2672 1134 2703 &Vere
1161 2674 1190 2704 it
1217 2673 1414 2711 otherwise,
1444 2684 1537 2704 some
1567 2673 1647 2704 idea

137 2716 166 2747 is
188 2726 233 2747 no
257 2715 458 2747 intimation
489 2715 525 2747 of
553 2726 622 2758 any
646 2715 733 2747 kind
756 2725 794 2747 as
817 2718 854 2746 to
931 2715 1045 2756 might
1059 2714 1102 2746 be
1118 2715 1252 2748 formed
1269 2727 1306 2748 as
1319 2719 1356 2748 to
1369 2716 1428 2747 the
1444 2716 1540 2758 right
1557 2727 1645 2747 com-

139 2759 199 2791 the
214 2758 423 2800 authorship
438 2758 474 2790 of
490 2759 528 2791 it.
930 2758 1063 2800 pletion
1079 2758 1115 2789 of
1130 2759 1190 2790 the
1205 2770 1306 2790 name
1329 2759 1445 2790 whose
1468 2759 1583 2790 initial
1600 2759 1641 2790 A.

932 2812 983 2832 we
1017 2801 1106 2833 have
1143 2803 1217 2842 just
1254 2802 1380 2834 before.
1453 2802 1525 2833 The
1563 2802 1645 2843 only

182 2844 195 2863 ²
219 2845 292 2877 The
307 2845 406 2877 word
421 2844 543 2877 stands
567 2845 662 2885 thus,
680 2844 749 2877 and
768 2855 854 2886 very
930 2845 1110 2886 pertinent
1139 2845 1296 2877 remarks
1334 2856 1379 2876 011
1417 2845 1476 2877 the
1506 2845 1646 2887 general

138 2887 272 2930 plainly
296 2889 450 2920 written.
508 2888 652 2920 Besides
680 2888 784 2930 being
809 2899 853 2919 an
930 2890 1059 2919 matter
1075 2888 1155 2920 that
1178 2900 1241 2920 can
1257 2888 1299 2920 be
1323 2888 1424 2920 made
1443 2899 1533 2919 seem
1551 2892 1587 2920 to
1603 2888 1645 2920 be

138 2931 288 2963 unusual
310 2932 419 2972 word,
445 2932 474 2964 it
497 2931 579 2964 does
605 2935 668 2964 not
693 2942 785 2964 seem
816 2934 853 2963 to
930 2930 966 2962 of
981 2931 1052 2963 this
1068 2931 1178 2964 kind:
1202 2932 1290 2971 first,
1310 2931 1389 2964 that
1413 2931 1592 2964 inasmuch
1608 2942 1646 2963 as
