2033 3242
749 327 981 358 APPENDIX.
1548 319 1570 356 3
1578 319 1599 356 6
1607 319 1630 356 3

114 435 263 471 verunt
281 431 470 470 instituta
485 445 507 470 a
526 431 882 483 praedecessoribus
898 431 1047 470 nostris
1069 430 1164 470 satis
1184 429 1411 478 manifesta,
1429 430 1524 481 quia
1538 430 1633 469 inde

114 499 218 547 saepe
245 491 339 536 post
366 485 446 534 illa,
468 499 539 537 per
567 486 696 538 longae
725 486 956 525 ambitionis
985 484 1206 533 audaciam,
1234 498 1397 536 gravem
1426 498 1542 536 passa
1572 490 1633 523 est

111 540 324 578 scissuram
360 539 690 588 Ecclesia—Nos,
732 541 781 579 ad
810 540 961 579 malum
991 540 1067 578 1100
1097 539 1344 586 evitandum,
1378 538 1428 576 de
1467 538 1632 577 consilio

113 593 286 632 fratrum
299 600 528 633 nostrorum
542 599 583 634 et
595 595 696 634 sacri
711 595 1000 646 approbatione
1016 593 1197 641 Concilii,
1213 593 1365 654 aliquid
1381 592 1631 631 decrevimus

112 648 428 700 adjungendum.
490 648 699 687 Statutum
718 649 844 701 igitur
863 654 918 696 ut,
941 649 975 687 si
994 648 1129 687 10110
1118 648 1279 686 1111111100
1305 647 1468 686 homine
1497 660 1632 698 super-

111 702 335 741 seminante
372 703 566 741 zizaniam
612 703 720 742 inter
756 702 987 751 cardinales,
1028 702 1078 741 de
1115 701 1398 741 substituendo
1434 701 1631 739 Pontifice

110 755 230 807 plena
247 770 330 795 non
353 757 504 808 poterit
532 770 616 796 esse
647 757 867 805 concordia,
890 762 941 805 et,
964 734 1120 795 duabus
1149 756 1329 808 partibus
1359 754 1632 794 concordanti-

108 810 195 858 bus,
218 811 339 849 tertia
367 824 469 872 pars·
488 811 727 850 concordare
755 811 896 859 noluit,
928 816 999 849 aut
1027 810 1151 848 alium
1179 810 1388 848 nominare
1417 823 1631 861 praesump-

109 865 218 912 serit,
241 865 309 904 ille
329 865 379 904 ab
399 865 588 904 universa
606 866 825 917 recipiatur
842 865 1021 904 Ecclesia
1040 870 1081 903 et
1102 864 1299 903 habeatur
1318 864 1540 925 Episcopus
1561 863 1631 914 qui

109 932 133 958 a
161 918 318 958 duabus
347 919 530 970 partibus
560 919 709 958 electus
738 920 862 958 fuerit
891 925 931 958 et
958 924 1153 970 receptus.
1214 918 1257 957 Si
1291 919 1380 979 quis
1414 923 1550 957 autem
1579 917 1629 956 de

109 974 240 1012 tertiae
269 974 396 1024 partis
424 974 699 1012 nominatione
719 974 814 1024 quia
843 1003 852 1012 .
883 1004 890 1012 .
923 1004 930 1012 .
951 974 966 998 1
985 986 1133 1011 nomen
1149 973 1323 1024 episcopi
1342 972 1418 1010 sibi
1438 985 1630 1023 usurpav-

109 1027 197 1076 erit,
229 1032 312 1066 tam
346 1028 424 1078 ipsi
458 1041 578 1079 quam
608 1028 678 1079 qui
707 1041 799 1066 eum
827 1032 1065 1078 receperunt
1098 1026 1505 1065 excommunicationi
1540 1026 1630 1064 sub-

107 1082 267 1132 jaceant
287 1087 329 1120 et
348 1082 473 1120 totius
493 1082 659 1121 secundi
679 1082 830 1120 ordinis
850 1081 1076 1133 privatione
1096 1081 1332 1128 multentur,
1356 1081 1415 1119 ita
1439 1085 1487 1119 ut
1506 1080 1629 1119 etiam

106 1135 255 1184 viatici,
287 1136 364 1174 nisi
392 1141 554 1174 tantum
582 1136 625 1174 in
654 1136 817 1184 ultimis,
850 1135 1078 1175 communio
1116 1135 1172 1174 eis
1205 1135 1436 1186 denegetur,
1468 1139 1520 1183 et,
1551 1134 1630 1172 nisi

106 1190 362 1241 resipuerint,
395 1204 485 1228 cum
514 1189 650 1229 Datan
680 1195 721 1229 et
758 1190 938 1238 Abiram,
980 1202 1079 1240 quos
1109 1195 1218 1228 terra
1255 1189 1369 1228 vivos
1408 1187 1625 1236 absorbuit,

105 1244 302 1294 recipiant
340 1245 576 1295 portionem.
635 1244 826 1283 Preterea
859 1244 893 1282 si
926 1258 949 1282 a
982 1243 1235 1294 paucioribus
1273 1243 1418 1294 aliquis
1452 1255 1577 1303 quam.
1607 1255 1630 1280 a

107 1297 263 1336 duabus
284 1298 468 1349 partibus
496 1298 620 1337 fuerit
649 1298 799 1337 electus
828 1298 878 1337 ad
898 1297 1164 1349 Apostolatus
1184 1297 1367 1345 officium,
1391 1296 1469 1335 nisi
1497 1296 1628 1347 major

106 1365 291 1391 assensus
319 1351 400 1405 [3'0]
430 1352 590 1391 affuerit
617 1353 682 1391 vel
711 1352 922 1391 concordia
950 1351 1232 1399 intercesserit,
1263 1351 1495 1389 nullatenus
1524 1363 1630 1388 assu-

105 1411 249 1454 matur,
268 1411 308 1445 et
328 1406 529 1457 praedietae
544 1420 672 1457 poenae
691 1407 928 1458 0111)]’300312
947 1406 981 1445 si
996 1405 1204 1444 humiliter
1218 1405 1394 1444 noluerit
1413 1403 1626 1442 abstinere.

104 1460 169 1498 Ex
197 1460 272 1499 1100
300 1465 437 1499 13111011
465 1460 624 1499 nullum
653 1461 852 1499 canonicis
889 1459 1215 1498 institutionibus
1254 1464 1294 1498 et
1333 1459 1420 1498 aliis
1453 1457 1629 1497 ecclesiis

103 1514 429 1566 praejudicium0
408 1520 629 1563 veneretur,
652 1515 693 1553 in
715 1515 861 1566 quibus
888 1515 1053 1565 majoris
1084 1519 1123 1552 et
1153 1513 1321 1552 sanioris
1350 1512 1477 1564 partis
1506 1512 1628 1550 debet

105 1569 324 1619 praevalere
358 1569 569 1616 sententia,
605 1569 699 1620 quia
732 1569 839 1619 quod
873 1569 929 1607 eis
962 1569 1005 1606 in
1038 1567 1209 1606 dubium
1242 1567 1399 1606 venerit
1432 1567 1628 1618 superiori

105 1623 256 1673 poterit
275 1622 425 1674 judicio
445 1623 612 1662 definiri.
673 1623 722 1661 In
741 1623 925 1662 Romana
943 1636 1038 1661 vero
1059 1622 1182 1661 Curia
1202 1627 1242 1660 et
1261 1621 1439 1660 Ecclesia
1457 1620 1627 1671 speciale

106 1676 260 1728 aliquid
280 1677 544 1716 constituitur
563 1677 658 1728 quia
680 1690 762 1716 non
778 1682 912 1729 potest
932 1676 982 1715 ad
1004 1676 1250 1727 superiorem
1269 1689 1453 1714 recursus
1473 1675 1624 1714 haberi.

157 1786 192 1823 3.
223 1795 284 1823 XI.
317 1784 421 1824 Cum
450 1785 493 1823 in
522 1785 676 1824 cunctis
706 1785 913 1824 ordinibus
944 1791 984 1823 et
1013 1784 1289 1823 ecclesiasticis
1317 1782 1562 1831 ministeriis,
1585 1788 1626 1821 et

103 1839 234 1877 aetatis
264 1839 489 1887 maturitas,
530 1846 571 1878 et
608 1840 786 1890 gravitas
824 1853 993 1886 morum,
1027 1843 1068 1877 et
1100 1838 1329 1876 litterarum
1367 1837 1535 1876 scientia
1572 1838 1625 1875 sit

101 1893 350 1932 attendenda
381 1898 422 1932 et
455 1894 680 1944 quaerenda,
716 1893 845 1932 multo
873 1893 1020 1932 fortius
1053 1893 1096 1930 in
1134 1893 1320 1943 episcopo
1352 1891 1427 1930 hoc
1466 1896 1626 1942 oportet

100 1947 262 1998 inquiri,
285 1947 368 1998 qui,
390 1947 441 1986 ad
471 1961 606 1987 curam
635 1948 805 1987 aliorum
833 1947 1001 1998 positus,
1032 1947 1074 1985 in
1103 1947 1233 1997 seipso
1263 1946 1384 1985 debet
1412 1945 1624 1984 ostendere

102 2001 276 2052 qualiter
296 2007 481 2053 oporteat
509 2002 596 2040 aliis
625 2002 668 2040 in
697 2002 817 2041 domo
837 2001 1003 2040 Domini
1024 2001 1259 2039 conversari.
1319 2000 1545 2051 Eapropter
1573 2013 1623 2038 ne

101 2055 209 2106 quod
226 2056 276 2094 de
292 2056 534 2107 quibusdam
555 2070 605 2095 ex
624 2057 862 2095 necessitate
878 2055 1070 2106 temporis
1082 2054 1234 2093 factum
1255 2058 1316 2093 est
1331 2055 1373 2092 in
1394 2053 1624 2105 exemplum

100 2109 288 2148 trahatur
326 2123 349 2148 a
387 2111 567 2161 posteris,
609 2111 797 2161 praesenti
834 2110 996 2148 decreto
1043 2109 1259 2147 statuimus
1305 2113 1352 2147 ut
1398 2107 1533 2146 nullus
1580 2107 1623 2145 in

101 2162 356 2214 Episcopum,
378 2164 457 2202 nisi
477 2165 546 2215 qui
575 2178 661 2203 XXX
688 2177 886 2203 annorum
907 2168 1067 2202 aetatem
1095 2163 1288 2214 attigerit,
1311 2167 1352 2201 et
1371 2162 1420 2201 de
1441 2161 1622 2213 legitimo

100 2217 360 2256 matrimonio
399 2218 451 2256 sit
488 2223 619 2266 natus,
655 2219 723 2270 qui
762 2218 884 2257 etiam
916 2217 1002 2256 vita
1041 2222 1081 2256 01
1119 2217 1285 2256 scientia
1323 2217 1624 2255 demonstretur

101 2271 442 2319 commendabilis,
465 2272 648 2323 eligatur.
706 2272 810 2311 Cum
838 2277 973 2310 autem
1002 2271 1153 2310 electus
1177 2271 1311 2319 fuerit,
1343 2277 1384 2310 et
1413 2270 1621 2309 electionis

101 2326 447 2364 confirmationem
475 2326 682 2377 acceperit,
706 2331 746 2365 et
775 2325 1133 2365 ecclesiasticorum
1152 2325 1350 2364 bonorum
1370 2325 1621 2363 administra-

100 2379 254 2418 tionem
291 2379 489 2428 habuerit,
531 2380 697 2418 decurso
740 2385 921 2432 tempore
960 2379 1009 2418 de
1048 2379 1326 2418 consecrandis
1365 2379 1559 2430 episcopis
1597 2393 1620 2416 a

100 2433 320 2472 canonibus
351 2433 531 2480 definito,
561 2433 605 2472 hi
633 2434 683 2472 ad
713 2448 811 2485 quos
841 2434 1034 2473 beneficia
1061 2439 1247 2485 spectant
1275 2447 1363 2485 quae
1391 2433 1617 2479 habuerint,

101 2520 176 2552 The
211 2520 378 2553 numbers
416 2521 601 2563 employed
631 2522 668 2553 in
699 2521 822 2553 distin·

101 2564 267 2606 guishing
289 2565 351 2596 the
374 2565 580 2597 documents
603 2565 745 2607 printed
771 2568 823 2604 (or

101 2607 319 2647 abstracted)
337 2608 373 2639 in
397 2609 458 2640 the
474 2609 663 2650 Appendix
684 2609 758 2640 will
779 2609 822 2640 be

102 2651 233 2683 Arabio
249 2651 388 2682 instead
411 2652 446 2683 of
470 2652 607 2684 Roman
627 2663 664 2684 as
686 2652 821 2684 1101010-

100 2694 186 2727 fore.
234 2694 271 2726 It
288 2695 414 2727 should
430 2695 473 2727 be
489 2695 659 2727 observed
681 2696 763 2727 11131
786 2697 822 2727 in

101 2738 164 2770 the
179 2738 327 2780 original
343 2738 416 2770 this
431 2739 514 2771 title
530 2739 559 2771 is
574 2739 789 2772 rubricated.

144 2824 156 2844 ¹
180 2824 255 2856 The
293 2825 463 2876 reading
468 2825 550 2857 here
584 2826 613 2857 is
645 2825 820 2858 doubtful.

101 2867 176 2899 The
199 2878 257 2900 MS.
285 2868 349 2901 has
372 2866 396 2911 ᾇ
425 2879 463 2901 re
493 2879 516 2900 u
545 2870 592 2911 pt,
620 2870 736 2901 where
763 2870 824 2901 the

101 2910 200 2942 third
224 2912 330 2944 letter
353 2913 424 2954 mig
426 2913 468 2944 ht
491 2912 533 2944 be
557 2913 671 2944 0111101
686 2924 708 2944 n
728 2924 767 2944 or
786 2924 819 2945 u.

103 2953 196 2986 Over
211 2954 298 2986 both
315 2966 351 2987 70
371 2924 441 2987 angd
464 2967 486 2987 u
510 2966 569 2987 are
592 2956 654 2988 the
677 2957 822 2988 circum-

100 2996 184 3030 flex-
187 2998 322 3040 shaped
350 2999 470 3031 marks
500 2999 536 3031 01
566 2999 818 3039 abbreviation,

900 2521 971 2553 and
987 2523 1024 2552 at
1040 2521 1100 2553 the
1116 2532 1229 2563 upper
1250 2520 1459 2563 right-hand
1484 2519 1558 2551 side
1582 2519 1619 2550 of

900 2565 962 2596 the
987 2575 1015 2605 p
1046 2565 1107 2596 the
1138 2565 1239 2596 mark
1269 2564 1386 2596 which
1416 2563 1620 2605 frequently

899 2608 1072 2640 indicates
1088 2608 1150 2640 the
1167 2609 1332 2640 omission
1356 2607 1392 2639 of
1417 2607 1479 2639 the
1495 2607 1619 2638 letters

899 2656 960 2691 ost,
989 2656 1080 2691 otest,
1119 2663 1157 2683 or
1198 2652 1292 2684 otuiz‘.
1360 2651 1435 2683 The
1475 2650 1621 2691 reading

898 2695 1013 2737 might
1035 2695 1090 2734 be,
1115 2695 1265 2737 “quoad
1288 2706 1371 2733 rem,
1399 2697 1441 2725 ut
1463 2693 1619 2735 potuitf'

898 2739 1014 2770 which
1026 2739 1144 2771 would
1160 2739 1262 2770 make
1279 2749 1388 2770 sense.
1431 2737 1502 2769 But
1519 2736 1619 2768 there

900 2783 930 2814 is
952 2793 997 2813 no
1018 2782 1201 2823 authoiity
1217 2782 1272 2814 for
1295 2782 1334 2822 it,
1353 2780 1423 2812 and
1447 2781 1530 2821 quia
1552 2791 1619 2811 11οη

897 2830 991 2867 potes
981 2830 1018 2864 ’,ί
1037 2826 1073 2857 111
1090 2826 1152 2857 the
1169 2826 1238 2857 last
1254 2826 1324 2857 line
1342 2825 1377 2856 01
1400 2824 1460 2855 1110
1476 2827 1618 2865 present

902 2851 1099 2908 document,
1119 2870 1148 2901 is
1172 2869 1345 2910 certainly
1367 2867 1547 2899 indicated
1570 2866 1617 2908 by

900 2913 1012 2951 three,
1029 2916 1091 2944 out
1107 2913 1143 2944 01
1158 2913 1219 2944 1110
1235 2913 1324 2951 four,
1341 2911 1510 2954 precisely
1524 2910 1617 2942 simi

900 2956 952 2988 lar
969 2955 1099 2987 abbrex
1102 2956 1240 2988 iations.

942 2999 955 3017 ²
978 2999 1156 3040 Sulgjiceat.
