2033 3242
356 262 408 300 14
790 265 1102 297 CARTULARIUM
1123 264 1428 295 RIEVALLENSE.

550 382 580 404 O.

429 371 636 458 CCXIZVIII.
669 416 831 469 Rogero
866 414 990 455 Ebor.
1026 412 1361 466 Archiepiscopo
1397 413 1450 454 de
1483 413 1657 454 Oisterc.
1693 411 1866 452 Ordinis

745 472 1067 526 privilegiorum
1089 471 1301 511 firmitate.

468 542 639 573 CCXXIX.
673 530 795 571 Ebor.
819 529 1152 582 Archiepiscopo
1183 533 1226 568 et
1256 528 1467 582 Episcopo
1488 527 1691 568 Dunelm.
1712 532 1762 568 ut
1784 527 1867 567 sibi

742 587 935 629 subditos
976 601 1000 627 a
1036 585 1342 627 monachorum
1374 586 1550 627 decimis
1583 585 1868 626 ecclesiastice

742 649 972 686 coerceant.

485 714 640 747 CCXXX.
673 702 952 746 Confirmatio
984 701 1222 742 Alexandri
1253 701 1381 755 Papae
1412 702 1464 742 de
1495 701 1677 754 piscaria
1709 705 1752 741 et
1772 699 1869 741 aliis

743 760 1081 814 possessionibus
1103 759 1289 800 Rievalli
1309 763 1514 813 perpetuo
1536 759 1712 800 collatis.

469 832 640 864 CCXXXI.
673 819 884 873 Episcopo
916 817 1118 858 Dunelm.
1150 821 1193 857 et
1223 817 1386 857 Abbati
1419 818 1458 858 S.
1493 817 1642 857 Mariae
1673 816 1797 856 Ebor.
1819 819 1870 856 ut

745 876 980 918 Canonicos
1001 875 1054 916 de
1076 875 1248 915 Maltun
1272 879 1315 915 et
1345 875 1397 915 de
1428 875 1680 923 Kirkeham,
1702 879 1745 915 et
1765 873 1871 914 alios

744 938 1073 988 praesumptores
1104 937 1313 973 terrarum
1343 937 1387 973 et
1416 933 1732 987 possessionum
1772 932 1868 972 Rie-

744 992 1002 1033 vallensium
1023 991 1308 1031 ecclesiastice
1329 996 1559 1032 coerceant.

451 1063 642 1094 CCXXXII.
673 1050 1008 1104 Archiepiscopo
1030 1049 1153 1090 Ebor.
1175 1053 1217 1089 et
1239 1048 1564 1089 Archidiaconis
1586 1052 1628 1088 et
1649 1047 1744 1088 aliis
1766 1060 1870 1101 prae-

745 1108 845 1149 latis
880 1111 930 1148 ut
957 1108 1251 1161 juramentum
1295 1120 1382 1146 non
1420 1107 1595 1160 exigant
1636 1119 1661 1146 a
1701 1104 1870 1146 Rieval-

744 1166 944 1207 lensibus.

436 1237 643 1267 CCXXXIII.
675 1223 898 1278 Episcopis
941 1222 1094 1264 Scotiae
1134 1226 1184 1262 ut
1219 1222 1266 1262 in
1300 1222 1470 1262 irritum
1511 1221 1671 1262 ducant
1712 1223 1873 1262 statuta

745 1281 922 1322 Viviani
973 1280 1214 1322 Cardinalis
1255 1285 1298 1320 et
1339 1294 1485 1320 eorum
1529 1279 1678 1333 Legati
1724 1283 1872 1320 contra

747 1339 953 1380 Ordinem
975 1338 1312 1380 Cisterciensem.

442 1409 642 1441 CCXXXIV.
674 1397 1004 1451 Archiepiscopo
1035 1396 1158 1436 Ebor.
1191 1402 1234 1437 et
1264 1395 1549 1436 Dunelmensi
1578 1395 1788 1449 Episcopo
1820 1394 1872 1434 de

747 1454 1009 1496 decimarum
1033 1454 1243 1503 libertate,
1265 1460 1411 1495 contra
1443 1454 1712 1507 quorundam
1742 1452 1870 1506 privi-

745 1513 953 1567 legiorum
976 1512 1372 1565 interpretationem
1393 1525 1645 1565 perversam.

458 1583 641 1614 CCXXXV.
674 1571 868 1612 Libertas
908 1570 1147 1610 Alexandri
1188 1570 1316 1623 Papae
1358 1575 1504 1611 contra
1553 1570 1872 1623 impugnatores

749 1628 954 1669 Rievallis
976 1627 1280 1669 fraudulentos

417 1744 649 1788 XXXIX.1
680 1744 1012 1786 Memorandum
1039 1743 1154 1797 quod
1174 1743 1225 1785 A.
1249 1743 1319 1785 Gr.
1343 1744 1411 1784 MO
1426 1749 1515 1784 ccc0
1545 1744 1697 1797 primo,
1728 1742 1874 1784 statim

360 1811 457 1860 post
502 1804 760 1845 creationem
799 1802 994 1856 Dompni
1034 1802 1211 1842 Roberti
1253 1801 1304 1842 de
1346 1801 1527 1855 Ingelby
1560 1802 1607 1842 in
1646 1801 1874 1848 Abbatem,

360 1866 533 1918 propter
553 1861 749 1915 quaedam
771 1860 979 1915 arrei-agia
1000 1860 1132 1901 firmae
1152 1873 1247 1913 quae
1269 1859 1472 1900 debemus
1495 1860 1697 1900 fratribus
1718 1858 1873 1912 Hospi-

362 1921 462 1962 talis
485 1921 525 1961 S.
547 1919 749 1961 Nicholai
769 1919 907 1967 Ebor.,
929 1918 1140 1958 directum
1162 1920 1246 1958 fuit
1266 1918 1429 1958 Abbati
1450 1917 1536 1958 tale
1558 1918 1686 1959 breve
1700 1933 1768 1959 :—

420 1977 681 2019 Edwardus2
695 2010 703 2018 .
721 2010 728 2017 .
745 2009 753 2017 .
776 1977 881 2016 Dux
897 1975 1158 2029 Aquitaniae,
1175 1975 1344 2016 dilectis
1362 1975 1445 2016 sibi
1458 1975 1502 2015 in
1519 1976 1700 2025 Christo,
1713 1974 1876 2016 Abbati

364 2042 407 2078 et
442 2035 674 2076 conventui
710 2033 931 2088 Ryevallis
963 2033 1157 2074 salutem.
1233 2033 1342 2074 Cum
1369 2047 1445 2074 vos
1475 2033 1642 2074 dilectis
1673 2033 1796 2074 nobis
1828 2033 1875 2073 in

365 2094 546 2143 Christo,
581 2093 783 2147 magistro
815 2097 858 2132 et
895 2091 1100 2132 fratribus
1141 2091 1381 2145 Hospitalis
1424 2092 1560 2132 nostri
1602 2092 1640 2133 S.
1673 2092 1715 2132 N
1718 2090 1875 2132 icholai

363 2153 502 2200 Ebor.,
543 2150 658 2204 quod
703 2150 754 2190 de
805 2149 1124 2203 progenitorum
1167 2154 1411 2190 nostrorum
1451 2149 1669 2203 quondam
1709 2150 1874 2204 Regum

364 2209 532 2263 Angliae
567 2207 811 2249 elemosinis
842 2214 907 2248 est
937 2207 1177 2256 fundatum,
1213 2207 1447 2250 teneamini
1477 2208 1523 2248 in
1555 2207 1875 2261 quatuordecim

365 2267 512 2308 solidis
530 2266 581 2307 de
598 2266 817 2319 arreragiis
834 2265 969 2305 annui
982 2265 1241 2314 redditus‚iii
1258 2279 1289 2306 s.
1308 2271 1350 2306 et
1363 2266 1407 2305 vi
1422 2265 1609 2319 d.‚quem
1626 2266 1685 2306 eis
1700 2265 1876 2313 debetis,

365 2338 460 2379 quae
493 2323 668 2378 quidem
704 2324 912 2377 arreragia
947 2323 1007 2363 eis
1045 2323 1247 2364 detinetis
1284 2324 1428 2364 minus
1460 2324 1587 2377 juste,
1609 2324 1655 2364 in
1686 2324 1875 2377 ipsorum

364 2382 558 2436 magistri
579 2386 622 2422 et
653 2381 834 2421 fratrum
865 2380 1100 2434 dampnum
1132 2395 1219 2421 non
1250 2381 1478 2430 modicum,
1499 2387 1542 2422 et
1571 2395 1812 2436 gravamen,
1833 2386 1876 2421 et

365 2439 769 2494 depauperationem
789 2439 1076 2488 manifestam,
1096 2438 1209 2479 sicut
1240 2453 1292 2480 ex
1314 2439 1487 2492 querela
1508 2453 1584 2479 sua
1605 2439 1872 2493 accepimus:

366 2498 616 2538 —volentes
631 2497 690 2537 eis
712 2497 759 2536 in
774 2496 854 2536 hac
876 2502 996 2550 parte
1018 2502 1230 2549 quatenus
1249 2497 1364 2550 juste
1387 2497 1621 2550 poterimus
1636 2496 1875 2544 subvenire,

365 2555 485 2597 vobis
501 2554 753 2595 mandamus
762 2554 875 2607 quod
893 2553 1052 2594 eisdem
1067 2554 1269 2609 magistro
1284 2560 1327 2595 et
1340 2554 1541 2595 fratribus
1556 2554 1763 2608 arreragia
1770 2567 1874 2608 prae-

407 2665 420 2685 ²
443 2665 494 2697 At
519 2663 582 2696 the
609 2662 700 2695 close
730 2663 766 2694 of
796 2663 858 2694 the
889 2662 1002 2694 Index
1034 2673 1078 2694 011
1160 2663 1292 2705 tulary.
1356 2664 1467 2703 Then,
1501 2675 1545 2696 on
1584 2664 1645 2696 the
1683 2666 1769 2696 next
1806 2664 1877 2696 line

364 2708 448 2741 folio
471 2707 659 2739 22—-there
682 2706 787 2748 being
811 2706 877 2737 but
898 2706 966 2737 five
990 2706 1079 2737 lines
1159 2707 1306 2746 follows,
1341 2706 1407 2738 but
1435 2708 1471 2738 in
1499 2718 1518 2738 a
1545 2707 1637 2739 later
1663 2707 1758 2739 hand
1788 2707 1875 2739 than

366 2763 410 2784 on
435 2752 497 2783 the
522 2761 635 2792 upper
661 2752 742 2791 part
769 2749 805 2780 of
832 2750 893 2780 the
926 2749 1011 2781 folio
1042 2759 1080 2780 so
1158 2750 1240 2781 that
1256 2750 1292 2782 of
1307 2750 1369 2781 the
1386 2750 1576 2792 preceding
1590 2752 1733 2791 entries,
1753 2751 1824 2783 and
1839 2752 1876 2783 in

365 2793 636 2836 occupied—are
660 2793 722 2824 the
745 2792 873 2833 figures
889 2793 932 2824 29
950 2792 1014 2824 Ed.
1036 2801 1077 2830 1.‚
1157 2793 1255 2835 paler
1286 2793 1360 2833 ink,
1395 2794 1477 2825 that
1513 2794 1629 2826 which
1665 2795 1695 2826 is
1733 2794 1876 2837 printed

367 2840 404 2870 in
420 2850 441 2870 a
457 2837 551 2869 hand
570 2847 654 2878 very
670 2836 743 2868 like
760 2837 842 2867 that
857 2839 894 2867 to
913 2835 956 2867 be
972 2835 1080 2866 noted
1158 2837 1277 2869 above.

366 2883 404 2914 in
420 2882 532 2919 dates,
552 2883 635 2919 etc„
653 2890 698 2911 on
722 2879 784 2911 the
808 2879 944 2921 margin
960 2879 996 2910 of
1019 2878 1081 2910 the

366 2924 572 2958 Strickland
584 2934 672 2965 copy
686 2923 722 2955 of
734 2923 795 2954 the
809 2922 962 2964 Whitby
972 2922 1079 2954 Char·
1201 2921 1214 2939 ²
1238 2921 1392 2954 Edward
1411 2930 1435 2954 1.
