2033 3242
349 271 371 306 4
379 271 400 307 2
407 271 431 307 Ο
781 275 1094 306 OARTULARIUM
1117 275 1424 307 RIEVALLENSE.

350 383 591 435 Aquitaniae,
612 387 699 430 etc.,
719 381 902 421 omnibus
923 412 929 419 .
956 412 963 419 .
988 412 996 419 .
1019 379 1200 419 salutem.
1260 380 1514 432 Inspeximus
1534 379 1735 432 quandam
1755 379 1867 419 certi·

350 438 575 477 ficationem
613 437 728 475 nobis
767 437 807 474 in
842 435 1087 474 Cancellaria
1118 440 1256 473 nostra
1286 440 1358 474 etc.
1397 435 1454 488 [as
1483 436 1524 474 in
1556 435 1634 474 No.
1666 436 1716 473 98
1746 438 1779 473 to
1811 434 1867 472 the

351 491 448 545 end}
508 491 762 542 Inspeximus
801 490 921 529 etiam
955 487 1159 540 quandam
1190 489 1515 528 certificationem
1543 490 1658 528 nobis
1692 490 1733 527 in
1768 488 1868 527 Can-

351 546 509 585 cellaria
536 550 683 593 nostra,
707 558 778 596 per
796 543 1106 583 Thesaurarium
1139 547 1179 581 et
1200 542 1473 582 Camerarium
1492 550 1649 582 nostros
1679 543 1728 582 de
1755 556 1866 581 man-

351 602 446 640 dato
462 605 598 639 nostro
613 600 775 638 missam
790 598 831 636 in
846 599 929 637 haec
949 598 1073 637 verba
1088 597 1307 637 :—Placita
1321 598 1495 637 Forestae
1509 598 1683 645 Henrici,
1699 597 1867 636 Comitis

351 655 603 702 Lancastriae,
626 653 675 692 de
701 653 953 704 Pykerynge,
986 656 1100 691 tenta
1128 651 1236 702 apud
1264 652 1505 703 Pykerynge
1534 666 1667 691 coram
1694 651 1867 691 Ricardo

353 710 401 748 de
422 708 667 759 Wylughby,
699 708 876 746 Roberto
906 707 956 745 de
985 706 1246 757 Hungerford
1278 712 1318 745 et
1346 707 1532 746 Johanne
1561 707 1610 746 de
1640 706 1865 758 Hambury,

351 763 593 802 Justiciariis
631 762 683 801 ad
721 761 1000 801 Itinerandum
1038 761 1111 799 hac
1149 760 1247 809 vice,
1289 761 1340 800 ad
1377 761 1522 812 placita
1560 761 1734 800 Forestae
1772 773 1867 811 prze—

352 818 468 856 dictae
497 818 538 855 in
568 816 678 856 Com.
701 816 818 855 Ebor.
842 815 1063 867 assignatis,
1092 813 1156 852 die
1186 814 1310 854 Lunae
1337 815 1520 867 proximo
1541 820 1632 866 post
1657 815 1805 854 festum
1826 815 1864 854 S.

352 871 572 918 Michaelis,
594 870 651 909 ΑΟ
676 884 705 910 r.
727 870 849 922 Regis
878 870 1067 909 Edwardi
1093 868 1204 907 tertii
1233 883 1256 908 a
1282 869 1515 921 Conquestu
1544 876 1683 908 octavo
1703 868 1868 908 z—Prae-

352 926 597 965 sentationes
628 938 749 976 super
782 924 959 963 articulis
998 924 1047 963 de
1081 923 1246 963 Foresta
1284 924 1391 976 apud
1429 923 1704 977 Pykeryn[ge]
1736 936 1868 963 COram

352 980 524 1019 Ricardo
563 980 612 1019 de
646 979 896 1031 Wylughby,
930 979 1108 1018 Roberto
1142 977 1191 1016 (16
1231 978 1491 1029 Hungerford
1521 984 1562 1017 et
1594 978 1780 1017 Johanne
1819 978 1869 1016 de

354 1035 577 1085 Hambury,
601 1033 843 1072 Justiciariis
872 1038 961 1079 etc.‚
992 1033 1056 1072 die
1083 1033 1208 1072 Lunae
1233 1034 1417 1083 proximo
1448 1038 1538 1084 post
1567 1032 1714 1071 festum
1734 1031 1772 1070 S.
1796 1032 1870 1071 Mi-

353 1089 509 1132 chaelis‚
541 1090 595 1127 A0
625 1088 739 1140 1egni
771 1088 892 1139 Regis
930 1087 1030 1126 Edu
1033 1087 1119 1126 arch
1151 1087 1259 1126 teitii
1289 1101 1313 1125 a
1342 1087 1576 1138 Conquestu
1606 1092 1746 1126 061610
1778 1118 1785 1126 .
1819 1119 1826 1126 .
1859 1120 1866 1127 .

353 1144 410 1182 xii
439 1143 573 1182 Jurati
608 1142 790 1194 ejusdem
820 1142 976 1181 forestae
1008 1148 1253 1194 praesentant
1287 1141 1395 1192 quod
1427 1142 1565 1180 Abbas
1596 1141 1646 1180 de
1677 1141 1870 1193 Ryevalle

354 1198 527 1249 piscatus
557 1202 617 1236 est
646 1196 860 1248 saepissime
888 1197 930 1234 in
960 1197 1072 1247 aquis
1099 1197 1148 1236 de
1177 1196 1404 1244 Derewent,
1433 1195 1555 1235 Costa
1581 1201 1621 1234 et
1650 1196 1749 1247 Rya,
1781 1209 1868 1248 qua

353 1257 447 1290 sunt
467 1251 675 1291 dominicae
696 1264 808 1302 aqu-ie
828 1256 869 1290 et
888 1250 1033 1289 bundae
1054 1250 1229 1291 Forestae
1245 1250 1294 1289 de
1310 1250 1563 1302 Pykerynge,
1581 1250 1632 1289 ad
1651 1250 1869 1302 dampnum

354 1306 516 1345 Domini
537 1305 717 1354 Comitis,
738 1306 920 1344 nesciunt
936 1319 1016 1356 quo
1032 1311 1232 1345 warranto
1247 1304 1410 1344 :—Ideo
1426 1310 1669 1356 praeceptum
1684 1311 1745 1345 est
1760 1306 1871 1345 Vice-

354 1361 488 1399 comiti
517 1360 624 1411 quod
645 1360 781 1399 venire
810 1360 932 1398 faciat
961 1373 1052 1398 eum
1082 1365 1154 1399 etc.
1187 1360 1332 1398 Postea
1361 1359 1473 1398 venit
1501 1359 1713 1410 praedictus
1733 1360 1870 1398 Abbas

353 1421 394 1453 et
413 1415 511 1454 dicit
526 1414 634 1465 quod
655 1413 818 1465 quidam
832 1414 1072 1453 Eustachius
1092 1415 1197 1453 filius
1217 1414 1244 1452 J
1247 1414 1416 1453 ohannis
1436 1413 1541 1461 olim,
1564 1413 1660 1452 dum
1681 1415 1871 1453 mariscus

354 1470 494 1508 subtus
531 1468 771 1519 Pykerynge
819 1468 898 1507 fuit
935 1469 976 1506 in
1015 1470 1198 1508 manibus
1239 1468 1503 1520 progenitoris
1540 1467 1703 1506 Domini
1750 1468 1871 1519 Regis

354 1537 471 1571 1111116,
502 1522 633 1562 16111111
662 1523 703 1560 111
733 1522 873 1561 60(16111
901 1522 1068 1561 marisco
1089 1523 1295 1561 dimidiam
1325 1527 1548 1561 carucatam
1578 1528 1693 1561 terrae
1725 1523 1870 1561 hidatae

354 1591 442 1628 quae
472 1591 577 1616 nunc
598 1583 658 1616 est
682 1577 807 1627 ipsius
826 1577 1009 1625 Α11106113,
1033 1583 1073 1616 61
1093 1578 1197 1616 infra
1216 1577 1363 1615 divisas
1384 1590 1474 1615 suas
1495 1576 1675 1627 ejusdem
1701 1577 1868 1624 marisci,

355 1632 423 1682 qui
444 1632 604 1682 quidem
634 1631 824 1670 mariscus
853 1636 893 1669 et
913 1636 1019 1670 terra
1047 1632 1166 1670 modo
1196 1637 1290 1670 sunt
1309 1631 1487 1669 maneria
1515 1631 1565 1669 (16
1584 1631 1870 1682 Loftmarreys,

356 1686 483 1732 Lund,
502 1685 706 1724 Neustede
727 1691 768 1724 et
787 1685 1108 1738 Kekmarrey[s],
1131 1699 1219 1736 quae
1231 1686 1429 1724 Dominus
1444 1685 1642 1724 Henricus
1662 1685 1871 1733 secundus,

356 1740 558 1790 quondam
578 1740 667 1778 Rex
687 1739 854 1791 Angliae,
877 1740 1108 1791 progenitor
1127 1740 1289 1778 Domini
1310 1740 1432 1790 Regis
1452 1753 1568 1787 nunc,
1590 1739 1703 1778 dedit
1724 1740 1810 1779 Deo
1831 1746 1872 1778 et

356 1795 399 1834 B.
423 1794 561 1832 Mariae
582 1800 622 1832 et
642 1793 828 1833 Ecclesiae
858 1807 937 1832 suae
958 1794 1007 1833 de
1028 1794 1221 1845 Ryevalle
1249 1825 1257 1834 .
1292 1825 1300 1833 .
1331 1825 1354 1841 .‚
1387 1807 1475 1832 cum
1505 1794 1761 1844 pertinenciis
1790 1795 1872 1832 suis

355 1850 396 1887 in
426 1848 561 1899 pratis,
596 1849 778 1900 pasturis,
814 1848 856 1886 in
887 1849 1013 1899 aquis,
1048 1849 1224 1899 piscariis
1255 1853 1296 1887 et
1328 1848 1579 1896 molendinis,
1616 1854 1656 1887 et
1687 1848 1870 1886 omnibus

356 1903 441 1942 aliis
476 1903 604 1950 rebus,
641 1916 711 1953 per
745 1907 871 1941 certas
901 1908 1027 1941 metas
1062 1903 1102 1941 111
1137 1902 1276 1942 66(16111
1310 1908 1417 1941 carta
1448 1907 1666 1950 contentas,
1701 1902 1750 1941 ad
1784 1916 1871 1953 quae

356 1957 517 2008 quidem
547 1956 722 1995 maneria
752 1957 948 2007 pertinuit
976 1958 1026 1996 ab
1055 1958 1231 2008 antiquo,
1255 1962 1296 1995 et
1323 1957 1372 1995 (16
1401 1957 1490 2007 jure
1518 1957 1717 2007 pertinere
1737 1956 1869 2005 debet,

356 2025 566 2049 6011111111116
586 2011 761 2061 piscariae
792 2017 832 2049 et
855 2025 1066 2050 communa
1094 2017 1289 2062 pasturae:
1320 2011 1440 2049 Unde
1469 2010 1567 2050 dicit
1587 2011 1695 2062 quod
1714 2011 1755 2048 in
1776 2024 1872 2061 prae-

357 2066 475 2104 «lictis
505 2065 617 2116 aquis
652 2065 701 2104 de
733 2065 947 2104 Derewent
976 2072 1016 2104 et
1047 2066 1145 2116 Rya,
1179 2066 1266 2112 viz.,
1303 2079 1326 2103 a
1358 2065 1443 2104 loco
1472 2065 1540 2103 ubi
1575 2064 1872 2104 Alverstanbek

357 2120 464 2158 cadit
495 2120 535 2157 in
563 2119 703 2169 Ryam,
735 2133 860 2170 usque
890 2120 939 2158 ad
970 2120 1098 2159 locum
1119 2120 1189 2158 ubi
1209 2119 1330 2159 Costa
1355 2119 1461 2157 cadit
1485 2119 1526 2157 in
1546 2119 1685 2169 Ryam,
1718 2119 1802 2170 ipse
1832 2126 1872 2157 et

358 2187 493 2212 omnes
514 2173 820 2225 praedecessores
850 2175 920 2222 sui,
942 2174 1122 2213 Abbates
1143 2174 1217 2213 loci
1247 2173 1438 2225 praedicti,
1461 2174 1601 2224 piscati
1622 2175 1741 2212 sunt1
1766 2179 1812 2212 ut
1831 2174 1871 2211 in

356 2228 524 2279 piscaria
552 2241 624 2266 sua
651 2228 877 2278 pertinente
908 2228 957 2267 ad
991 2234 1138 2266 terram
1169 2228 1399 2280 praedictam
1428 2227 1619 2275 hidatam,
1642 2235 1682 2266 et
1710 2228 1751 2266 in
1779 2241 1872 2278 pra}-

358 2282 465 2320 dicta
484 2295 587 2332 aqua
607 2281 656 2319 de
678 2282 809 2324 Costa,
832 2282 925 2330 3611,
951 2283 1017 2321 ubi
1048 2283 1177 2321 solum
1197 2282 1320 2333 ipsius
1341 2282 1511 2320 Abbatis
1540 2296 1580 2320 se
1611 2282 1794 2320 extendit
1823 2295 1871 2319 ex

358 2343 528 2386 utraque
558 2343 671 2386 parte
700 2336 890 2386 ejusdem,
923 2336 1028 2375 idem
1058 2337 1195 2375 Abbas
1224 2342 1265 2375 et
1298 2349 1434 2374 01111163
1462 2336 1641 2374 Abbates
1671 2336 1746 2374 loci
1778 2349 1872 2387 prze-

358 2390 466 2437 dicti,
491 2390 796 2441 praedecessores
825 2391 897 2438 sui,
922 2405 944 2429 a
973 2396 1150 2441 tempore
1171 2404 1250 2441 quo
1270 2403 1350 2428 11011
1378 2395 1491 2428 extat
1510 2390 1709 2438 memoria,
1733 2390 1871 2441 piscati

359 2450 464 2491 sunt,
486 2450 532 2482 ut
561 2444 601 2482 in
631 2443 714 2482 solo
743 2457 813 2482 suo
842 2445 1012 2495 proprio,
1035 2451 1226 2495 tanquam
1257 2444 1428 2495 parcella
1457 2444 1679 2482 eorundum
1708 2444 1874 2482 maneri-

359 2512 482 2544 orum,
507 2503 546 2536 et
575 2498 615 2535 in
636 2497 826 2549 praedicta
855 2512 958 2549 aqua
987 2499 1036 2537 de
1057 2499 1187 2546 Costa,
1211 2499 1279 2537 ubi
1308 2499 1415 2537 idem
1434 2498 1571 2537 Abbas
1593 2498 1720 2536 solum
1751 2498 1871 2536 habet

359 2568 408 2590 ex
430 2566 508 2590 una
528 2557 639 2602 parte
660 2552 848 2602 ejusdem,
871 2553 978 2591 idem
998 2553 1135 2592 Abbas
1165 2558 1204 2592 et
1224 2566 1360 2592 omnes
1380 2552 1558 2591 Abbates
1582 2552 1657 2591 loci
1678 2552 1868 2603 praedicti,

360 2607 664 2658 praedecessores
694 2606 765 2653 sui,
789 2620 953 2657 semper,
976 2621 998 2645 a
1028 2614 1206 2657 tempore
1228 2620 1306 2658 quo
1332 2620 1413 2645 non
1433 2612 1546 2645 extat
1575 2607 1774 2654 memoria,
1797 2606 1871 2656 pis-

360 2662 435 2699 cati
453 2665 547 2699 sunt
562 2665 607 2699 ut
623 2660 663 2698 in
680 2660 847 2712 piscaria
862 2674 933 2699 sua
949 2662 1175 2711 pertinente
1192 2661 1241 2699 ad
1261 2666 1407 2699 terram
1429 2660 1607 2699 hidatam
1627 2660 1867 2711 praedictam,

360 2728 448 2766 quae
468 2728 573 2753 nunc
593 2719 655 2754 est
673 2715 850 2753 maneria
869 2728 939 2752 sua
959 2716 1147 2766 praedicta
1164 2730 1172 2753 :
1202 2716 1254 2753 Et
1274 2715 1346 2753 hoc
1371 2720 1532 2765 paratus
1553 2714 1650 2767 [est]
1670 2714 1870 2753 verificare

360 2782 431 2820 per
459 2769 663 2807 ministros
691 2768 872 2818 ejusdem
901 2769 1069 2808 forestae.
1131 2769 1226 2807 Ideo
1256 2769 1481 2819 inquiratur
1511 2768 1604 2807 inde
1634 2769 1689 2806 rei
1724 2768 1870 2806 veritas

361 2836 430 2874 per
459 2822 628 2861 eosdem.
688 2822 774 2870 Qui,
807 2823 901 2870 scil„
924 2823 1133 2870 forestarii,
1157 2823 1334 2861 viridarii
1367 2828 1408 2862 et
1436 2823 1721 2874 1·ega1·datore8‚
1754 2835 1871 2872 super

361 2878 572 2928 prwmissis
601 2878 722 2927 jurati
744 2882 784 2914 et
813 2877 977 2925 onerati,
999 2878 1140 2916 dicunt
1168 2891 1286 2927 super
1306 2882 1595 2915 sacramentum
1626 2889 1740 2914 suum
1764 2875 1869 2925 quod

834 2948 840 2966 ¹
868 2948 929 2979 See
945 2948 1008 2979 No.
1030 2951 1070 2979 118
1090 2949 1241 2980 towards
1260 2949 1317 2980 the
1335 2948 1412 2979 elul.
