2033 3242
526 273 835 303 CARTULARIUM
857 272 1164 303 RIEVALLENSE.
1516 265 1537 300 2
1546 264 1567 301 9
1574 263 1595 300 9

93 381 326 418 tenuerunt
375 377 428 418 de
487 377 678 418 Waltero
735 382 854 432 patre
911 391 987 418 suo
1047 377 1101 417 ad
1149 375 1394 425 terminum,
1444 379 1486 416 et
1547 375 1598 416 de

93 435 169 476 illa
219 435 387 476 cultura
437 449 534 489 quae
579 440 754 476 vocatur
804 434 1106 484 Ravenesdale,
1147 439 1190 475 et
1232 434 1285 474 de
1321 436 1495 487 pastura
1545 432 1598 473 ad

92 492 210 533 mille
252 506 352 533 oves
388 497 431 533 et
466 493 520 533 ad
565 493 766 534 animalia
811 507 906 547 quae
947 492 1194 547 praedictam
1234 496 1390 532 terram
1441 490 1599 538 colunt,

92 550 138 591 in
171 551 345 604 campis,
377 550 423 590 in
468 551 614 604 pratis,
648 551 694 591 in
725 551 914 591 mariscis
943 550 1135 604 ejusdem
1175 549 1302 598 villae,
1333 563 1432 590 cum
1467 548 1597 602 perti-

93 608 278 649 nenciis:
327 608 616 649 Donationem
663 642 671 650 .
703 641 710 649 .
747 642 754 649 .
798 622 904 662 quas
951 608 1171 656 Ricardus,
1219 607 1350 657 Prior,
1398 610 1441 647 et
1492 606 1598 647 Con-

93 670 248 707 ventus
291 665 330 707 S.
377 666 600 707 Trinitatis
649 666 700 707 de
756 666 996 706 Kirkeham
1046 679 1120 719 per
1167 665 1374 718 scriptum
1433 663 1596 718 [suum]

93 724 288 765 fecerunt
308 723 473 764 Abbati
509 727 551 764 et
586 724 805 765 monachis
838 723 1053 777 praedictis
1076 724 1126 763 de
1148 723 1313 763 duobus
1344 722 1478 768 tostis,
1500 735 1596 762 cum

93 781 381 835 pertinenciiS,
402 782 448 822 in
469 782 574 822 villa
595 782 646 823 de
668 782 888 831 Folketon,
912 787 954 822 et
975 781 1196 835 sexaginta
1217 780 1325 821 acris
1346 784 1479 828 terrae,
1500 793 1596 820 cum

92 839 381 893 pertinenciis,
416 840 462 879 in
497 839 652 880 Waldo
689 839 740 880 de
775 840 1023 889 Folketona,
1059 844 1102 879 et
1134 838 1186 879 de
1225 852 1312 879 uno
1353 837 1597 878 molendino

93 895 348 947 ventritico,¹
371 911 468 938 cum
489 898 588 938 sede
608 898 744 951 ipsius
774 897 1010 937 molendini
1031 901 1074 937 et
1095 896 1292 937 omnibus
1322 895 1597 949 pertinenciis

93 955 193 1004 suis,
226 955 273 995 in
307 955 413 995 villa
449 955 500 996 de
531 955 867 1008 Flotemaneby:
898 954 1187 995 Donationem
1217 987 1226 995 .
1257 986 1266 995 .
1302 986 1310 995 .
1343 967 1448 1007 quas
1488 952 1597 993 Wil-

93 1012 248 1053 lehnus
270 1013 384 1053 filius
416 1013 619 1053 Teobaldi
649 1045 657 1054 .
689 1046 698 1054 .
731 1045 740 1055 .
774 1013 877 1053 fecit
904 1012 997 1053 Deo
1028 1044 1036 1053 .
1069 1044 1077 1052 .
1110 1044 1118 1052 .
1152 1012 1203 1052 de
1239 1011 1454 1052 sexdecim
1491 1010 1598 1050 acris

94 1075 229 1120 terrae,
255 1084 351 1111 cum
388 1071 675 1124 pertinenciis,
695 1070 742 1110 in
764 1084 912 1123 campo
949 1070 1000 1110 de
1036 1070 1070 1110 F
1073 1069 1278 1110 olketun:
1310 1068 1598 1109 Donationem

94 1161 102 1169 .
137 1161 144 1169 .
176 1161 185 1169 .
218 1143 323 1182 quas
359 1129 577 1169 VValterus
619 1128 670 1168 de
707 1128 901 1168 Shankes
942 1127 994 1168 de
1035 1127 1344 1179 Flotemaneby
1376 1160 1384 1167 .
1416 1158 1424 1167 .
1456 1158 1465 1166 .
1497 1125 1599 1166 fecit

94 1186 187 1226 Deo
209 1191 252 1227 et
272 1186 492 1227 monachis
512 1186 728 1240 praedictis
750 1185 801 1226 de
833 1185 998 1225 duabus
1020 1185 1126 1225 acris
1148 1189 1191 1225 et
1212 1184 1390 1224 dimidia
1410 1188 1533 1224 terrae
1553 1183 1599 1222 in

96 1244 340 1285 Suthdeiles
377 1258 503 1297 super
536 1242 823 1285 Stokehnhil2
857 1243 904 1283 in
938 1246 1058 1296 parte
1092 1242 1291 1282 deversus
1319 1241 1462 1289 solem,
1484 1246 1527 1281 et
1548 1240 1599 1281 de

94 1316 182 1342 una
202 1302 304 1343 roda
325 1303 369 1341 in
390 1302 503 1342 valle
524 1301 676 1342 subtus
697 1301 866 1341 Kambe
887 1300 1184 1354 propinquiori
1205 1300 1353 1339 divisae
1376 1299 1427 1339 de
1448 1298 1599 1339 Folke-

95 1364 208 1409 tona,
250 1374 347 1400 cum
383 1359 683 1413 pertinenciis:
736 1359 1062 1400 Concessionem
1093 1390 1102 1399 .
1136 1389 1145 1399 .
1179 1389 1189 1399 .
1223 1371 1328 1411 quas
1370 1356 1598 1410 Gregorius

95 1417 208 1458 filius
247 1418 424 1458 Henrici
457 1417 509 1457 de
544 1417 781 1457 Folketona
810 1449 818 1457 .
853 1449 862 1458 .
895 1449 905 1458 .
938 1416 1040 1456 fecit
1076 1416 1168 1456 Deo
1199 1447 1207 1456 .
1241 1448 1250 1457 .
1284 1447 1293 1456 .
1328 1414 1379 1456 de
1411 1414 1601 1468 quinque

96 1476 203 1516 acris
243 1480 378 1524 terrae,
418 1489 516 1515 cum
563 1474 850 1528 pertinenciis,
892 1474 938 1514 in
978 1473 1239 1513 Folketona:
1274 1472 1599 1514 Concessionem

97 1567 104 1574 .
136 1566 144 1574 .
179 1566 187 1575 .
219 1547 324 1587 quas
347 1533 556 1573 Robertus
573 1532 689 1572 filius
710 1532 894 1580 Thomae,
912 1531 1021 1571 Baro
1039 1530 1090 1571 de
1109 1530 1342 1572 Grestoche
1373 1563 1383 1572 .
1416 1562 1426 1572 .
1460 1563 1468 1571 .
1501 1529 1601 1570 fecit

96 1592 189 1632 Deo
221 1624 231 1633 .
265 1623 274 1633 .
310 1622 318 1630 .
352 1591 403 1631 de
437 1596 531 1630 octo
568 1590 675 1630 acris
716 1594 759 1631 et
792 1590 928 1630 tribus
969 1589 1082 1629 rodis
1118 1593 1240 1629 terrae
1273 1592 1316 1629 et
1350 1588 1472 1641 prati,
1504 1601 1600 1628 cum

96 1648 383 1702 pertinenciis,
403 1649 449 1688 in
471 1648 718 1696 Folketona,
740 1661 845 1701 quas
876 1647 1035 1687 habent
1067 1647 1118 1687 de
1140 1647 1251 1687 dono
1282 1645 1502 1699 Ranulphi
1523 1644 1603 1684 filii

96 1707 278 1748 Walteri
300 1706 351 1746 de
372 1706 406 1746 F
408 1706 620 1755 olketona‚
641 1710 683 1746 et
704 1705 756 1746 de
786 1709 877 1745 tota
897 1705 973 1745 illa
994 1704 1172 1754 cultura,
1194 1718 1292 1745 cum
1314 1702 1602 1757 pertinenciis,

96 1778 192 1818 quae
222 1768 398 1804 vocatur
438 1763 641 1815 GotehilL
675 1777 804 1817 quam
837 1763 996 1803 habent
1035 1763 1087 1803 de
1129 1763 1238 1802 dono
1279 1761 1488 1802 willelmi
1524 1760 1603 1800 filii

97 1822 251 1876 Rogeri
271 1822 350 1862 filii
370 1822 553 1876 Malgeri
589 1822 640 1862 de
674 1821 1022 1873 Hundemaneby
1044 1821 1089 1860 in
1126 1820 1274 1861 eadem
1306 1819 1433 1867 villae,
1470 1823 1513 1858 et
1546 1818 1598 1858 de

96 1880 243 1921 decem
264 1880 371 1920 acris
408 1885 541 1928 terrae,
563 1893 660 1920 cum
695 1879 982 1933 pertinenciis,
1017 1878 1062 1918 in
1095 1877 1226 1918 latere
1261 1877 1412 1918 subtus
1444 1876 1603 1930 Lange-

97 1952 256 1991 campe‚
278 1952 382 1991 quas
404 1937 565 1978 habent
578 1937 630 1977 de
647 1937 757 1978 dono
775 1937 955 1977 XValteri
976 1936 1027 1976 de
1042 1936 1289 1984 Folketona,
1306 1939 1348 1975 et
1364 1935 1416 1975 de
1438 1934 1602 1974 duobus

97 1996 230 2044 tostis,
251 2009 348 2036 cum
385 1995 670 2048 pertinenciis,
706 1995 752 2034 in
787 1995 936 2035 eadem
973 1994 1077 2034 villa
1108 2007 1202 2047 quse
1233 1992 1461 2046 aliquando
1486 1997 1604 2032 tene-

98 2054 202 2094 bant
216 2053 267 2094 de
281 2054 472 2094 VValtero
489 2053 576 2093 filio
592 2052 773 2093 Walteri
790 2052 842 2093 de
864 2052 1111 2100 Folketona,
1133 2056 1175 2092 et
1189 2051 1240 2092 de
1257 2050 1477 2104 sexaginta
1498 2049 1604 2090 acris

98 2116 231 2159 terrae,
252 2125 349 2151 cum
371 2111 657 2164 pertinenciis,
679 2111 725 2150 in
741 2110 896 2150 Waldo
919 2110 970 2150 de
991 2109 1228 2149 Folketona
1245 2122 1350 2162 quas
1371 2108 1532 2148 habent
1553 2107 1604 2147 de

99 2169 209 2209 dono
232 2168 415 2217 Ricardi,
438 2168 607 2217 Prioris,
630 2173 672 2208 et
689 2168 936 2208 Conventus
960 2168 998 2207 S.
1021 2167 1242 2207 Trinitatis
1264 2166 1316 2207 de
1340 2166 1602 2206 Kirkeham:

101 2226 427 2268 Concessionem
458 2258 467 2267 .
501 2259 509 2266 .
543 2258 550 2266 .
583 2239 689 2278 quas
731 2225 920 2279 Rogerus
960 2225 1074 2265 filius
1116 2224 1298 2278 Malgeri
1334 2224 1386 2264 de
1422 2223 1602 2263 Hunde-

99 2284 301 2324 mannebi
332 2316 340 2326 .
375 2315 384 2325 .
418 2316 428 2325 .
462 2283 564 2324 fecit
585 2284 678 2323 Deo
709 2316 716 2324 .
750 2316 758 2324 .
790 2315 800 2325 .
835 2287 877 2323 et
909 2282 959 2323 de
990 2287 1173 2336 quatuor
1203 2282 1310 2323 acris
1341 2287 1475 2330 terrae,
1506 2294 1605 2322 cum

99 2342 388 2396 pertinenciis,
410 2341 455 2380 in
478 2341 728 2389 Folketuna,
750 2344 792 2381 et
824 2340 876 2381 de
906 2340 1039 2381 libero
1069 2341 1136 2380 itu
1167 2344 1210 2381 et
1231 2340 1372 2380 reditu
1403 2339 1604 2379 fratribus

100 2405 143 2441 et
184 2399 468 2440 servientibus
509 2404 552 2439 et
588 2398 796 2452 jumentis
837 2398 925 2439 suis
965 2412 1040 2451 per
1084 2398 1281 2439 semitam
1323 2411 1418 2451 quae
1454 2401 1518 2438 est
1559 2396 1605 2436 in

101 2458 298 2499 orientali
334 2462 454 2510 parte
489 2457 668 2496 culturae
704 2456 756 2497 de
795 2456 1002 2497 Cotehill:
1048 2456 1337 2497 Donationem
1369 2487 1377 2497 .
1412 2487 1421 2496 .
1456 2488 1464 2496 .
1499 2468 1604 2508 quas

100 2516 318 2556 Walterus
360 2515 411 2555 de
444 2515 680 2555 Folketona
711 2547 719 2555 .
751 2546 761 2555 .
794 2547 802 2554 .
835 2515 937 2554 fecit
977 2514 1069 2555 Deo
1101 2547 1110 2556 .
1143 2547 1151 2555 .
1185 2546 1195 2555 .
1228 2513 1280 2554 de
1317 2512 1460 2553 decen]
1499 2511 1605 2552 acris

101 2577 234 2622 terrae,
266 2587 364 2614 cum
394 2572 682 2626 pertinenciis,
712 2571 758 2612 in
788 2571 920 2612 latere
951 2572 1102 2612 subtus
1138 2572 1430 2625 Langecamp:
1461 2570 1604 2610 Dona-

101 2632 263 2672 tionem
293 2663 300 2670 .
337 2663 345 2672 .
378 2664 386 2671 .
419 2644 524 2684 quas
555 2630 772 2670 &Valterus
808 2629 921 2670 filius
952 2629 1134 2671 Walteri
1164 2630 1217 2670 de
1248 2629 1484 2669 Folketona
1515 2660 1523 2668 .
1556 2659 1564 2668 .
1596 2659 1603 2666 .

102 2689 204 2730 fecit
226 2690 318 2729 Deo
351 2721 359 2729 .
390 2721 400 2730 .
435 2720 444 2729 .
478 2688 529 2728 de
563 2693 653 2728 tota
688 2687 764 2727 illa
796 2687 988 2740 portione
1024 2692 1156 2736 terrae,
1185 2701 1283 2728 cum
1319 2684 1606 2740 pertinenciis,

102 2761 196 2801 quae
214 2747 328 2800 jacet
348 2746 393 2786 in
416 2745 759 2786 Baldewinedale
790 2745 903 2785 inter
923 2751 1077 2786 terram
1112 2746 1284 2785 illorum
1319 2744 1369 2784 de
1399 2744 1607 2783 Ravenes-

103 2804 208 2853 dale,
231 2809 440 2858 quantum
462 2803 514 2844 de
536 2804 628 2856 ipsa
649 2803 942 2844 Ravenesdale
970 2809 1082 2844 terra
1104 2803 1229 2843 durat
1250 2803 1294 2842 in
1316 2802 1452 2842 latum
1474 2805 1607 2841 trans-

421 2892 433 2912 1
464 2892 639 2924 Ventricio.

422 2936 434 2955 2
458 2936 531 2968 The
547 2936 636 2967 form
653 2935 688 2967 of
704 2935 775 2967 this
792 2946 893 2968 name
909 2935 938 2968 is
954 2936 1051 2978 quite
1068 2935 1261 2967 uncertain.
