2033 3242
358 427 424 460 No.

333 481 462 512 CXVII.

314 540 462 571 CXVIII.

344 597 460 628 CXIX.

365 655 462 686 CXX.

351 770 464 801 CXXI.

329 886 462 918 CXXII.

164 1047 278 1104 [19¹³]
308 1060 456 1090 oxxm.

314 1118 459 1149 cxxw.

334 1176 461 1206 cxxv.

315 1292 459 1322 CXXVI.

300 1350 462 1382 CXXVII.

280 1408 457 1440 CXXVIII.

315 1465 458 1496 CXXIX.

329 1523 457 1554 CXXX.

308 1581 456 1612 CXXXI.

293 1638 455 1670 CXXXII.

276 1754 459 1785 CXXXIII.

283 1812 456 1844 CXXXIV.

299 1928 460 1959 CXXXV.

283 2044 462 2075 CXXXVI.

264 2217 457 2248 CXXXVII.

249 2275 462 2307 CXXXVIII.

282 2448 462 2480 CXXXIX.

370 2506 462 2537 CXL.

355 2564 466 2595 CXLI.

341 2622 468 2652 CXLII.

323 2680 468 2710 CXLIII.

331 2737 469 2768 CXLIV.

179 2840 185 2858 ¹
212 2840 371 2873 WVritten
387 2841 470 2873 thus
488 2842 523 2873 in
540 2841 602 2873 the
618 2841 700 2874 title
724 2844 762 2873 to
786 2840 847 2873 the

131 2883 220 2916 deed
243 2884 353 2925 itself,
372 2895 410 2917 as
434 2884 513 2917 well
530 2895 568 2916 as
592 2885 698 2923 here3
722 2884 788 2916 but
812 2885 849 2916 in

553 323 867 354 CARTULARIUM
898 321 1203 352 RIEVALLENSE.
1594 313 1640 350 11

495 471 609 512 Item
630 471 789 512 Aelizae
812 471 865 512 de
887 470 1016 511 Gant.

495 529 626 570 Carta
647 529 852 569 Rannulfi
874 528 954 569 filii
975 526 1168 568 Walteri.

495 587 623 628 Carta
644 587 852 628 Beatriois
874 586 926 627 de
948 585 1174 626 Folketun.

497 645 624 686 Carta
639 645 792 699 Rogeri
810 644 862 685 de
880 644 1003 685 Olera
1017 643 1068 684 de
1085 647 1218 683 wasto
1235 644 1277 683 et
1294 641 1345 683 de
1361 642 1518 683 fossato
1535 641 1648 681 inter

569 716 646 743 nos
669 708 711 743 eb
734 702 917 743 Wiltun.

499 759 626 801 Carta
648 759 856 813 Stephani
888 759 940 800 de
962 758 1120 799 Mainil
1141 758 1194 799 de
1215 758 1342 799 bosco
1363 757 1409 798 in
1431 757 1645 798 territorio

572 818 624 859 de
647 818 884 859 Grenehou.

497 876 625 917 Carta
644 875 856 917 WiIlelmi
873 875 924 916 de
941 874 1222 922 Mandavilla,
1244 873 1425 915 Comitis
1446 871 1647 920 Essexiae,

571 934 624 974 de
651 937 772 974 vasto
805 938 848 974 et.
878 933 931 974 de
957 934 1114 974 fossato
1142 932 1257 972 inter
1284 945 1360 972 nos
1389 936 1432 972 et
1462 930 1647 971 Thorne-

569 996 725 1032 tonam.

492 1050 619 1090 Carta
639 1048 816 1090 Roberti
839 1048 891 1089 de
913 1049 999 1089 Ros
1021 1048 1073 1089 de
1094 1047 1432 1089 Theokemarais.

494 1108 623 1149 Carta
643 1109 672 1149 J
676 1106 830 1148 ooelini
852 1106 904 1147 de
926 1106 1064 1147 Areoi.

495 1165 623 1206 Carta
646 1165 763 1205 Petri
780 1164 832 1205 de
850 1163 1074 1205 Surdevall
1095 1168 1138 1204 et
1154 1162 1367 1203 Willelmi
1389 1162 1532 1203 frabris
1554 1161 1646 1215 ejus

560 1223 612 1264 de
633 1222 971 1263 Theokemarais.

493 1281 619 1322 Carta
640 1280 849 1321 Willelmi
871 1279 950 1319 filii
972 1279 1140 1319 Levooh
1162 1278 1214 1319 de
1236 1282 1367 1318 vasto.

497 1339 624 1379 Carta
646 1337 827 1378 WValteri
848 1338 900 1378 de
923 1336 1102 1377 Bardolf
1119 1336 1171 1377 (18
1192 1340 1326 1377 vasto.

492 1397 620 1437 Carta
640 1395 856 1436 Willelmi
879 1395 1060 1436 Comitis
1081 1394 1313 1434 Albemare
1327 1391 1341 1415 ¹
1364 1393 1416 1434 de
1437 1396 1570 1434 vasto.

493 1454 621 1495 Carta
641 1453 848 1494 Asketini
869 1453 920 1493 de
942 1454 1185 1493 Tornetune
1207 1452 1259 1492 de
1281 1455 1413 1492 vasto.

491 1513 618 1553 Carta
638 1511 772 1552 Alani
792 1510 1020 1552 Forestarii
1042 1510 1094 1551 de
1115 1511 1336 1550 Tornetun
1357 1509 1408 1551 de
1428 1512 1559 1550 vasto.

492 1569 619 1611 Carta
641 1569 838 1623 Hugonis
862 1570 981 1609 Brun
1003 1568 1055 1608 de
1077 1573 1208 1608 vasto.

490 1628 617 1668 Carta
637 1627 873 1681 Thorphini
889 1626 941 1667 de
955 1626 1182 1667 Alvestain
1199 1630 1241 1666 eb
1259 1622 1457 1667 Gaufridi
1478 1623 1646 1678 nepotis

559 1685 651 1739 ejus
673 1685 726 1726 de
744 1685 1007 1738 juratoribus
1029 1685 1151 1725 vasti.

493 1743 621 1784 Carta
641 1743 855 1784 WilleImi
877 1742 927 1783 de
949 1742 1090 1796 Vescy
1112 1742 1164 1783 de
1185 1745 1316 1782 vasto.

491 1802 617 1842 Carta
633 1801 848 1855 *Stephani
878 1799 1176 1855 Mangevilain
1197 1804 1240 1840 et]
1271 1798 1424 1853 Rogeri
1445 1796 1524 1837 filii
1556 1797 1646 1850 ejus

558 1858 611 1900 de
632 1864 764 1900 vasto.

495 1917 772 1958 Confirmatio
804 1916 932 1970 Regis
965 1916 1016 1957 de
1048 1914 1331 1956 conventione
1362 1914 1476 1955 inter
1495 1926 1573 1954 nos
1604 1916 1647 1954 et

561 1975 798 2016 Canonioos
819 1975 872 2015 de
893 1974 1064 2015 Malton
1086 1974 1208 2014 facta.

494 2033 807 2074 Testimonium
858 2032 1070 2086 Symonis,
1119 2030 1323 2085 Episcopi
1374 2027 1645 2076 Murefensis,

559 2097 602 2132 et
619 2091 802 2139 Ricardi,
818 2090 1003 2131 Abbatis
1017 2089 1323 2137 Mortuimaris,
1340 2087 1392 2128 de
1409 2100 1536 2128 causa
1552 2100 1647 2140 quae

557 2150 785 2189 tenebatur
804 2148 918 2189 inter
935 2161 1010 2188 nos
1033 2151 1076 2188 et
1098 2146 1336 2188 Canonioos
1352 2145 1405 2187 de
1421 2144 1645 2186 Maltonia.

491 2206 706 2247 Henrious
729 2207 820 2247 Rex
842 2205 981 2247 senior
1002 2205 1054 2246 de
1075 2205 1277 2246 Rievalle.

497 2265 624 2305 Carta
645 2264 772 2318 Regis
795 2263 976 2304 Henrioi
998 2263 1176 2304 senioris
1198 2263 1251 2304 de
1266 2261 1471 2316 passagio.

496 2322 656 2364 Carta2
687 2322 815 2376 Regis
847 2321 1027 2362 Henrici
1058 2321 1236 2362 senioris
1266 2320 1319 2361 de
1350 2317 1574 2373 Danegeld
1604 2324 1647 2359 et

555 2379 828 2421 Temanetale
848 2393 925 2433 pro
946 2379 1149 2420 Rievalle.

498 2438 626 2479 Carta
647 2438 827 2478 Henrici
849 2437 977 2491 Regis
999 2437 1050 2478 de
1073 2437 1242 2478 foresta.

496 2496 563 2536 De
584 2496 848 2550 protectione
868 2495 1052 2536 Abbatis
1075 2494 1253 2536 Silvani.

500 2554 627 2594 Carta
648 2553 776 2607 Regis
799 2553 978 2594 Henriei
999 2553 1050 2593 de
1071 2552 1335 2607 protectione
1358 2549 1572 2592 Rievallis.

502 2611 781 2664 Privilegium
802 2611 854 2651 de
876 2611 1078 2652 Rievalle.

503 2669 630 2710 Carta
651 2669 779 2722 Regis
802 2668 983 2709 Henrioi
1004 2669 1057 2710 de
1079 2668 1283 2722 passagio.

504 2727 631 2768 Carta
652 2727 780 2781 Regis
803 2727 982 2768 Henrici
1003 2727 1054 2768 de
1076 2728 1241 2767 Cotum.

978 2841 991 2860 ²
1014 2841 1088 2872 The
1105 2840 1253 2872 number
1269 2849 1378 2873 cxxx.
1396 2840 1426 2872 is
1438 2838 1595 2882 prefixed
1612 2841 1649 2870 to

934 2884 1006 2917 this
1023 2884 1185 2926 heading.

131 2927 193 2959 the
230 2926 326 2969 body
356 2928 393 2960 of
429 2929 492 2960 the
523 2928 716 2960 document
754 2928 784 2960 it
818 2927 848 2959 is

131 2970 370 3004 Albemarliae.
