2033 3242
768 318 994 348 APPENDIX.
1563 312 1643 348 423

131 426 298 471 possunt
318 420 368 459 ad
389 420 520 471 aliqua
541 422 678 460 oneral
700 422 762 460 161
793 422 1101 461 consuetudines
1121 422 1162 460 in
1192 422 1300 461 dicto
1321 423 1433 461 brevi
1460 428 1649 462 contenta

131 475 313 514 facienda
332 475 396 513 vel
415 475 660 514 sustinenda.
719 476 768 514 In
788 477 902 527 cujus
922 482 1010 524 etc.,
1032 477 1296 527 praesentibus
1316 477 1497 528 praedicti
1525 478 1650 528 jurati

131 529 261 580 sigilla
279 543 351 568 sua
369 540 651 580 apposuerunt.
712 530 863 569 Datum
884 531 960 580 die,
981 531 1067 570 loco
1088 536 1128 570 et
1148 544 1252 569 anno
1273 531 1521 582 supradictis.

190 635 276 672 102.
310 632 442 686 [Close
472 634 596 672 Rolls.
659 636 729 673 172
749 634 861 673 Edw.
884 645 938 673 IV.
973 634 1128 687 [147ss
1160 648 1211 672 m.
1237 637 1284 673 15
1310 634 1651 689 d.]—YVillelmus

132 686 314 739 Spenser‚
345 687 483 727 Abbas
514 688 751 727 Monasterii
783 689 828 727 B.
865 689 1003 727 Mariae
1042 688 1236 727 Rievallis
1275 694 1316 727 et
1354 689 1534 739 ejusdem
1575 689 1651 728 loci

132 741 363 780 Conventus
395 773 402 780 .
434 773 441 781 .
477 774 485 781 .
514 742 692 781 Johanni
722 743 857 794 Sei-op,
879 743 1055 782 Domino
1076 743 1125 782 de
1146 743 1304 791 Boston,
1328 743 1532 782 willelmo
1553 743 1652 782 Has-

132 802 284 848 tynges,
308 795 481 834 Domino
505 797 555 835 de
576 797 818 848 Hastynges,
840 797 1055 836 Edmundo
1075 797 1316 849 Hastynges,
1349 797 1528 836 Joha11ni
1547 797 1652 848 Pyk-

131 850 254 900 ering,
285 850 517 898 Militibus,3
538 851 740 889 Willelmo
775 851 989 900 Overtona,
1025 851 1205 890 Johanni
1235 851 1407 902 Hewyk,
1431 852 1651 890 Laurencio

132 904 336 955 Kyghley,
376 905 609 956 Armigeris,
647 905 851 944 Willelmo
889 905 1133 944 Craweestre
1177 911 1218 944 et
1255 906 1418 944 Thomae
1458 906 1648 957 Wyldon,

130 958 316 1004 Valettis,
351 959 556 1010 grangiam
586 959 757 998 Manerii
791 959 839 997 de
860 959 976 998 West
1010 960 1195 1008 Newton,
1232 973 1322 998 cum
1351 960 1535 998 omnibus
1570 961 1652 998 51115

131 1012 397 1063 pertinenciis,
448 1019 493 1052 ut
530 1013 694 1064 profert,
736 1013 972 1064 supradictis
1010 1014 1200 1061 Johanni,
1240 1014 1444 1052 Willelmo
1484 1019 1570 1062 etc.,
1611 1021 1650 1052 et

131 1067 342 1118 assignatis
371 1066 463 1114 suis,
505 1067 676 1106 durante
715 1068 798 1106 vita
831 1067 1007 1106 naturali
1046 1069 1201 1119 praefati
1235 1068 1440 1116 Willelmi,
1478 1068 1651 1107 Abbatis

132 1121 369 1159 Monasterii
388 1120 578 1171 praedicti,
602 1122 750 1171 absque
779 1122 1030 1172 impetitione
1051 1123 1154 1160 vasti
1185 1152 1194 1160 .
1225 1153 1232 1160 .
1265 1153 1274 1161 .
1306 1122 1529 1161 Reddendo
1558 1122 1651 1161 inde

131 1175 255 1223 nobis,
278 1175 429 1214 Abbati
463 1181 504 1213 et
524 1176 751 1214 Conventui
781 1176 830 1214 de
850 1176 1029 1215 Rievalle
1056 1176 1269 1227 praedictis,
1293 1181 1333 1215 et
1361 1177 1652 1215 successoribus

133 1230 290 1278 nostris,
311 1229 353 1267 in
383 1230 485 1268 festo
506 1229 544 1268 S.
568 1229 730 1281 Georgii
751 1230 929 1268 Martiris
959 1244 1030 1269 sex
1050 1230 1198 1269 solidos
1218 1235 1258 1268 et
1279 1235 1367 1269 octo
1388 1230 1572 1269 denarios
1602 1231 1651 1269 ad

131 1284 346 1334 pitanciam
362 1283 601 1331 Conventui,
619 1284 838 1331 annuatim,
854 1285 885 1322 si
907 1289 1079 1335 petatur,
1098 1298 1169 1336 pro
1191 1285 1375 1323 omnibus
1396 1285 1652 1323 saecularibus

132 1338 308 1376 serviciis
347 1343 388 1376 et
416 1338 623 1376 demandis
655 1338 790 1390 [clause
819 1339 861 1388 of
889 1342 1106 1388 zc·arrcmlgs‚·
1135 1338 1212 1377 aad
1231 1338 1384 1389 further
1413 1339 1441 1376 fit
1462 1339 1653 1390 proceeds]

132 1392 309 1430 Johanni
342 1392 476 1443 Scrop,
498 1392 673 1431 Domino
708 1392 757 1431 de
787 1392 946 1440 Bolton,
977 1392 1181 1431 Willehno
1213 1392 1457 1444 Hastynges,
1490 1397 1562 1432 etc,
1597 1393 1654 1446 [as¹

132 1446 254 1499 abore]
274 1445 474 1497 quendam
503 1446 713 1485 annualem
734 1447 937 1485 redditum
958 1447 1104 1498 viginti
1132 1447 1324 1485 librarum
1355 1447 1649 1499 sterlingorum,

132 1505 347 1539 exeuntem
376 1500 425 1539 (16
455 1500 638 1539 omnibus
667 1501 784 1539 terris
814 1508 854 1539 et
882 1501 1123 1540 tenementis
1153 1501 1244 1549 suis,
1278 1515 1366 1540 cum
1395 1502 1477 1540 suis
1506 1502 1654 1552 pertin-

134 1555 264 1603 nnciis,
288 1554 425 1593 locatis
455 1555 497 1593 in
518 1554 672 1606 Crosby
693 1555 854 1606 Grange
882 1556 924 1593 in
945 1555 1055 1594 Com.
1078 1555 1210 1603 Ebor.,
1235 1555 1477 1594 Habendum
1509 1562 1549 1594 et
1570 1570 1654 1607 per-

133 1608 360 1660 cipiendum
381 1609 617 1659 praedictum
638 1609 846 1648 annualem
869 1609 1075 1648 redditum
1095 1610 1273 1661 praefatis
1293 1609 1483 1657 Johanni,
1506 1615 1592 1657 etc.,
1617 1619 1656 1648 et

132 1663 343 1714 assignatis
373 1664 465 1712 suis,
496 1663 715 1711 annuatim,
742 1663 913 1702 durante
934 1664 1018 1702 vita
1047 1664 1222 1702 naturali
1251 1664 1432 1716 praedicti
1462 1664 1655 1703 willelmi

133 1720 314 1768 ›Spenseu
341 1717 512 1756 Abbatis
539 1717 776 1756 Monasterii
807 1718 1036 1768 supradicti,
1061 1718 1112 1757 ad
1141 1719 1245 1757 festa
1265 1718 1523 1757 Pentecostes
1553 1724 1594 1757 et
1615 1721 1653 1757 ὅ.

133 1771 311 1819 Martini,
330 1772 452 1822 aequis
473 1772 722 1823 portionibus
742 1771 799 1824 [in
821 1786 899 1811 ease
914 1772 957 1822 (gf
972 1773 1028 1810 the
1048 1776 1128 1811 rent
1149 1773 1252 1823 beinq
1271 1774 1311 1810 ‘in
1331 1786 1470 1820 arrecti,
1483 1786 1604 1823 power
1624 1777 1657 1811 {a

134 1826 189 1864 tlte
207 1829 372 1875 [nausees
391 1830 424 1863 to
444 1830 542 1864 enter
563 1840 657 1877 upon
673 1826 827 1877 Crosby
842 1827 1012 1878 Grange,
1028 1827 1106 1865 (md
1125 1827 1234 1865 land&
1254 1827 1371 1865 called
1390 1826 1448 1865 lez
1465 1827 1654 1875 Maresse,

132 1880 209 1918 und
237 1883 270 1918 to
293 1879 479 1933 {listram}
540 1880 702 1928 Datum,
726 1894 798 1931 pro
819 1887 931 1931 parte
952 1887 1099 1929 nostra,
1123 1881 1163 1919 in
1184 1881 1316 1919 Domo
1337 1886 1474 1919 nostra
1494 1881 1656 1932 Capitu-

132 1934 203 1972 lari
233 1934 282 1973 de
313 1934 493 1981 Revalle,
521 1934 664 1973 ultimo
689 1935 753 1973 die
779 1936 927 1973 mensis
957 1935 1057 1973 Julii
1087 1948 1220 1973 coram
1248 1935 1325 1973 hiis
1355 1935 1397 1973 T.
1457 1935 1655 1986 Magistro

134 1988 287 2027 Thoma
302 1989 506 2036 Tanfelde,
530 1989 684 2027 Thoma
704 1989 923 2040 Conyhers,
947 1989 1123 2028 Henrico
1139 1989 1316 2040 Temple,
1339 1994 1379 2028 et
1400 1988 1485 2027 aliis
1506 1989 1655 2037 multis,

134 2043 180 2081 A.
197 2042 246 2081 D.
269 2043 480 2082 millesimo
500 2043 822 2094 quadringesimo
843 2044 1134 2094 septuagesimo
1155 2044 1293 2094 primo.

192 2150 278 2187 103.
312 2147 476 2200 [Patent
495 2147 618 2194 Rolls,
638 2150 660 2185 S
677 2147 786 2186 Edw.
808 2158 851 2186 ΙΙ.
871 2146 1024 2200 [1315]
1048 2152 1139 2199 part
1156 2150 1190 2196 2,
1209 2161 1260 2187 m.
1282 2147 1363 2201 272]
1403 2148 1654 2187 131οΑ111161(-

135 2210 174 2242 et
208 2202 421 2241 Conventu
454 2201 504 2239 de
542 2201 866 2240 Revalle.—Rex
901 2202 1085 2240 omnibus
1125 2201 1176 2240 ad
1208 2215 1308 2253 quos
1348 2207 1436 2249 etc„
1472 2202 1652 2241 salutem.

136 2256 414 2303 Donationem,
435 2255 727 2294 concessionem
745 2261 784 2294 et
801 2256 1146 2295 confirmationem
1162 2269 1262 2307 quas
1283 2256 1452 2295 dilectus
1473 2262 1514 2295 et
1529 2257 1656 2296 fidelis

135 2316 280 2358 noster,
299 2310 498 2348 Henricus
518 2309 555 2348 16
573 2309 718 2360 Scrope
732 2311 747 2334 4
768 2323 838 2361 per
854 2310 1047 2361 scriptum
1065 2324 1182 2349 suum
1197 2310 1293 2349 fecit
1309 2310 1465 2350 dilectis
1481 2311 1596 2350 nobis
1616 2311 1656 2349 in

179 2416 187 2435 ¹
207 2415 280 2447 The
303 2424 408 2446 onera
431 2413 500 2445 and
523 2414 777 2446 consuetmlines
800 2425 858 2446 are

137 2460 211 2490 “111
235 2458 350 2496 sectis,
370 2457 504 2489 visibus
521 2457 753 2499 franciplegii,
773 2469 856 2489 aux-

135 2503 215 2542 iliis,
257 2501 434 2543 talliagiis,
468 2501 610 2542 vigiliis,
637 2501 778 2539 finibus,
806 2512 856 2532 re-

136 2545 407 2587 demptionibus,
427 2545 720 2584 amerciamentis,
740 2549 777 2576 et
793 2545 855 2576 tri-

135 2589 351 2627 butionibus,
393 2591 429 2620 et
471 2588 548 2619 aliis
587 2588 856 2630 quibuscunque

135 2633 299 2665 oneribus
310 2631 606 2674 emergentibus.⁷'
638 2632 711 2663 The
723 2632 854 2663 licence

136 2675 284 2719 granted
301 2677 514 2717 consequent
531 2686 575 2706 on
590 2675 652 2706 the
668 2675 803 2717 finding
819 2676 855 2706 of

136 2721 208 2753 this
218 2720 288 2751 last
300 2719 512 2761 Inquisition
526 2719 555 2750 is
569 2718 677 2750 dated
690 2722 728 2750 at
738 2719 854 2751 &Vest-

137 2765 295 2802 minster,
323 2765 363 2795 14
387 2762 461 2794 Ric.
483 2762 717 2800 11.——(Patent
741 2762 850 2801 Rolls,

138 2810 180 2840 14
195 2807 270 2839 Ric.
289 2816 329 2838 11.
349 2809 431 2848 part
446 2807 477 2844 ⁶2,
497 2817 543 2837 m.
563 2807 633 2845 33.)

179 2851 192 2869 '-'
215 2851 289 2883 The
313 2850 400 2882 deed
418 2849 515 2881 itself
536 2849 637 2881 bears
654 2849 714 2881 the
738 2848 855 2881 actual

137 2895 220 2927 date
251 2895 342 2928 1471.
388 2893 463 2926 The
492 2893 574 2926 17th
605 2893 641 2924 of
672 2893 769 2924 Edw.
802 2903 852 2924 lv.

138 2937 255 2971 would
285 2938 328 2970 be
358 2937 473 2969 either
499 2938 582 2971 1477
608 2947 646 2968 or
675 2937 770 2971 1478.
820 2937 856 2969 It

139 2993 218 3022 may
246 2982 289 3014 be
320 2982 398 3014 that
429 2981 489 3013 the
520 2980 696 3013 numerals
727 2981 765 3016 17
798 2991 857 3012 arc

936 2415 1078 2447 written
1095 2415 1143 2457 by
1155 2415 1307 2448 mistake
1323 2416 1378 2448 for
1393 2418 1443 2455 11,
1463 2427 1502 2448 or
1518 2417 1598 2448 that
1621 2417 1656 2448 in

936 2459 995 2490 the
1019 2459 1175 2491 Rccords
1199 2460 1234 2491 of
1259 2470 1365 2492 seven
1392 2471 1494 2502 years
1520 2460 1611 2492 later
1637 2471 1655 2491 a

935 2513 1024 2544 copy
1047 2503 1083 2534 of
1108 2503 1169 2534 the
1196 2507 1339 2545 present
1369 2503 1558 2536 document
1585 2514 1657 2535 was

934 2547 1090 2578 entered.
1140 2547 1213 2578 Τ116
1245 2547 1328 2579 date
1356 2549 1436 2581 1471
1468 2548 1497 2579 15
1528 2547 1564 2579 of
1594 2547 1655 2578 in]-

934 2593 1100 2631 portance
1141 2591 1177 2622 in
1216 2591 1423 2622 connection
1461 2590 1548 2622 with
1595 2591 1656 2622 the

932 2633 1056 2674 period
1087 2633 1215 2676 during
1236 2634 1365 2673 which,
1395 2634 1465 2666 and
1497 2634 1559 2665 the
1591 2634 1655 2665 cir-

932 2681 1151 2710 cumstances
1189 2678 1303 2709 under
1333 2678 1458 2715 which,
1494 2677 1654 2709 william

932 2720 1082 2762 spenser
1098 2732 1170 2753 was
1186 2721 1310 2754 Abbot
1326 2721 1363 2754 of
1385 2721 1570 2753 Rievaulx.

975 2788 989 2807 ³
1012 2789 1055 2820 M
1056 2788 1206 2822 illicibus.

975 2848 987 2867 ⁴
1011 2848 1074 2881 See
1097 2849 1164 2882 No.
1192 2855 1306 2882 CXLVx
1332 2849 1398 2881 and
1424 2852 1516 2881 note.
1571 2849 1655 2882 Thia

933 2892 962 2924 is
978 2892 1038 2924 the
1054 2893 1153 2934 royal
1165 2893 1409 2925 confirmation
1420 2893 1456 2924 of
1470 2894 1533 2925 the
1547 2896 1654 2925 trans-

933 2936 1050 2968 aetion
1064 2936 1200 2968 therein
1220 2937 1399 2975 recorded,
1416 2937 1485 2968 and
1502 2937 1656 2969 referred

934 2984 970 3012 to
987 2980 1023 3012 in
1040 2980 1100 3012 the
1116 2985 1211 3013 note.
