<?xml version="1.0" encoding="UTF-8"?>
<!DOCTYPE html PUBLIC "-//W3C//DTD XHTML 1.0 Transitional//EN"
    "http://www.w3.org/TR/xhtml1/DTD/xhtml1-transitional.dtd">
<html xmlns="http://www.w3.org/1999/xhtml" xml:lang="en" lang="en">
 <head>
  <title>
</title>
<meta http-equiv="Content-Type" content="text/html;charset=utf-8" />
  <meta name='ocr-system' content='tesseract 3.04.00' />
  <meta name='ocr-capabilities' content='ocr_page ocr_carea ocr_par ocr_line ocrx_word'/>
</head>
<body>
  <div class='ocr_page' id='page_1' title='image "./cartulariumabbat00riev_0423.png"; bbox 0 0 2033 3242; ppageno 0'>
   <div class='ocr_carea' id='block_1_1' title="bbox 550 245 1618 284">
    <p class='ocr_par' dir='ltr' id='par_1_1' title="bbox 550 245 1618 284">
     <span class='ocr_line' id='line_1_1' title="bbox 550 245 1618 284; baseline 0 -1"><span class='ocrx_word' id='word_1_1' title='bbox 550 254 859 284; x_wconf 81' lang='lat' dir='ltr'><strong>CARTULARIUM</strong></span> <span class='ocrx_word' id='word_1_2' title='bbox 880 253 1185 283; x_wconf 77' lang='lat' dir='ltr'>RIEVALLENSE.</span> <span class='ocrx_word' id='word_1_3' title='bbox 1539 245 1618 283; x_wconf 71' lang='lat'>297</span> 
     </span>
    </p>
   </div>
   <div class='ocr_carea' id='block_1_2' title="bbox 95 357 1620 2895">
    <p class='ocr_par' dir='ltr' id='par_1_2' title="bbox 95 357 1620 2895">
     <span class='ocr_line' id='line_1_2' title="bbox 113 357 1619 412; baseline -0.001 -13"><span class='ocrx_word' id='word_1_4' title='bbox 113 358 267 400; x_wconf 89' lang='lat' dir='ltr'>habuit</span> <span class='ocrx_word' id='word_1_5' title='bbox 305 358 651 412; x_wconf 83' lang='lat' dir='ltr'>propinquiorem</span> <span class='ocrx_word' id='word_1_6' title='bbox 691 358 837 399; x_wconf 91' lang='lat' dir='ltr'>domui</span> <span class='ocrx_word' id='word_1_7' title='bbox 877 372 1022 399; x_wconf 90' lang='lat' dir='ltr'>eorum</span> <span class='ocrx_word' id='word_1_8' title='bbox 1063 357 1116 398; x_wconf 89' lang='lat' dir='ltr'>ad</span> <span class='ocrx_word' id='word_1_9' title='bbox 1157 357 1420 398; x_wconf 78' lang='lat' dir='ltr'>dilatandam</span> <span class='ocrx_word' id='word_1_10' title='bbox 1457 363 1619 398; x_wconf 86' lang='lat' dir='ltr'>curtem</span> 
     </span>
     <span class='ocr_line' id='line_1_3' title="bbox 114 415 1620 470; baseline -0.001 -13"><span class='ocrx_word' id='word_1_11' title='bbox 114 430 261 458; x_wconf 81' lang='lat' dir='ltr'>suam:</span> <span class='ocrx_word' id='word_1_12' title='bbox 300 416 588 457; x_wconf 85' lang='lat' dir='ltr'>Donationem</span> <span class='ocrx_word' id='word_1_13' title='bbox 618 450 626 458; x_wconf 89' lang='lat'><strong>.</strong></span> <span class='ocrx_word' id='word_1_14' title='bbox 659 449 667 458; x_wconf 86' lang='lat'><strong>.</strong></span> <span class='ocrx_word' id='word_1_15' title='bbox 699 449 707 458; x_wconf 91' lang='lat'><strong>.</strong></span> <span class='ocrx_word' id='word_1_16' title='bbox 740 430 845 470; x_wconf 89' lang='lat' dir='ltr'>quas</span> <span class='ocrx_word' id='word_1_17' title='bbox 881 416 1091 457; x_wconf 84' lang='lat' dir='ltr'>Robertus</span> <span class='ocrx_word' id='word_1_18' title='bbox 1128 415 1254 464; x_wconf 83' lang='lat' dir='ltr'>Guer,</span> <span class='ocrx_word' id='word_1_19' title='bbox 1289 415 1403 456; x_wconf 88' lang='lat' dir='ltr'>filius</span> <span class='ocrx_word' id='word_1_20' title='bbox 1439 415 1620 456; x_wconf 87' lang='lat' dir='ltr'>Walteri</span> 
     </span>
     <span class='ocr_line' id='line_1_4' title="bbox 113 473 1620 528; baseline -0.001 -13"><span class='ocrx_word' id='word_1_21' title='bbox 113 474 231 515; x_wconf 89' lang='lat' dir='ltr'>Guer</span> <span class='ocrx_word' id='word_1_22' title='bbox 260 507 270 516; x_wconf 90' lang='lat'><strong><em>.</em></strong></span> <span class='ocrx_word' id='word_1_23' title='bbox 304 507 312 515; x_wconf 92' lang='lat'><strong><em>.</em></strong></span> <span class='ocrx_word' id='word_1_24' title='bbox 344 506 354 516; x_wconf 90' lang='lat'><strong>.</strong></span> <span class='ocrx_word' id='word_1_25' title='bbox 387 474 489 514; x_wconf 85' lang='lat' dir='ltr'>fecit</span> <span class='ocrx_word' id='word_1_26' title='bbox 509 474 603 515; x_wconf 90' lang='lat' dir='ltr'>Deo</span> <span class='ocrx_word' id='word_1_27' title='bbox 634 507 642 515; x_wconf 90' lang='lat'><strong>.</strong></span> <span class='ocrx_word' id='word_1_28' title='bbox 674 507 681 514; x_wconf 94' lang='lat'><em>.</em></span> <span class='ocrx_word' id='word_1_29' title='bbox 715 507 723 515; x_wconf 92' lang='lat'>.</span> <span class='ocrx_word' id='word_1_30' title='bbox 755 474 807 515; x_wconf 90' lang='lat' dir='ltr'>de</span> <span class='ocrx_word' id='word_1_31' title='bbox 828 488 1007 528; x_wconf 90' lang='lat' dir='ltr'>pessona</span> <span class='ocrx_word' id='word_1_32' title='bbox 1027 473 1117 514; x_wconf 89' lang='lat' dir='ltr'>sive</span> <span class='ocrx_word' id='word_1_33' title='bbox 1137 473 1347 527; x_wconf 85' lang='lat' dir='ltr'>pannagio</span> <span class='ocrx_word' id='word_1_34' title='bbox 1368 478 1462 514; x_wconf 84' lang='lat' dir='ltr'>octo</span> <span class='ocrx_word' id='word_1_35' title='bbox 1483 473 1620 527; x_wconf 89' lang='lat' dir='ltr'>porcis</span> 
     </span>
     <span class='ocr_line' id='line_1_5' title="bbox 112 531 1618 585; baseline -0.001 -13"><span class='ocrx_word' id='word_1_36' title='bbox 112 532 159 572; x_wconf 91' lang='lat' dir='ltr'>in</span> <span class='ocrx_word' id='word_1_37' title='bbox 180 535 270 572; x_wconf 88' lang='lat' dir='ltr'>toto</span> <span class='ocrx_word' id='word_1_38' title='bbox 291 531 416 572; x_wconf 90' lang='lat' dir='ltr'>bosco</span> <span class='ocrx_word' id='word_1_39' title='bbox 447 545 523 572; x_wconf 91' lang='lat' dir='ltr'>suo</span> <span class='ocrx_word' id='word_1_40' title='bbox 560 532 773 572; x_wconf 87' lang='lat' dir='ltr'>dominico</span> <span class='ocrx_word' id='word_1_41' title='bbox 810 532 862 573; x_wconf 89' lang='lat' dir='ltr'>de</span> <span class='ocrx_word' id='word_1_42' title='bbox 898 532 1102 580; x_wconf 87' lang='lat' dir='ltr'>Stitnum,</span> <span class='ocrx_word' id='word_1_43' title='bbox 1136 531 1318 585; x_wconf 48' lang='lat' dir='ltr'>,singulis</span> <span class='ocrx_word' id='word_1_44' title='bbox 1355 531 1493 580; x_wconf 89' lang='lat' dir='ltr'>annis,</span> <span class='ocrx_word' id='word_1_45' title='bbox 1527 536 1618 571; x_wconf 92' lang='lat' dir='ltr'>toto</span> 
     </span>
     <span class='ocr_line' id='line_1_6' title="bbox 112 589 1618 643; baseline 0 -14"><span class='ocrx_word' id='word_1_46' title='bbox 112 594 302 643; x_wconf 90' lang='lat' dir='ltr'>tempore</span> <span class='ocrx_word' id='word_1_47' title='bbox 336 603 549 643; x_wconf 83' lang='lat' dir='ltr'>pessonae:</span> <span class='ocrx_word' id='word_1_48' title='bbox 582 590 907 630; x_wconf 88' lang='lat' dir='ltr'>Concessionem</span> <span class='ocrx_word' id='word_1_49' title='bbox 929 622 938 630; x_wconf 91' lang='lat'>.</span> <span class='ocrx_word' id='word_1_50' title='bbox 963 623 972 631; x_wconf 92' lang='lat'><strong><em>.</em></strong></span> <span class='ocrx_word' id='word_1_51' title='bbox 997 622 1006 630; x_wconf 88' lang='lat'><strong>.</strong></span> <span class='ocrx_word' id='word_1_52' title='bbox 1031 603 1135 643; x_wconf 86' lang='lat' dir='ltr'>quas</span> <span class='ocrx_word' id='word_1_53' title='bbox 1172 589 1382 630; x_wconf 87' lang='lat' dir='ltr'>Robertus</span> <span class='ocrx_word' id='word_1_54' title='bbox 1419 589 1537 630; x_wconf 82' lang='lat' dir='ltr'>Guer</span> <span class='ocrx_word' id='word_1_55' title='bbox 1568 589 1618 629; x_wconf 89' lang='lat' dir='ltr'>de</span> 
     </span>
     <span class='ocr_line' id='line_1_7' title="bbox 113 646 1619 701; baseline 0 -14"><span class='ocrx_word' id='word_1_56' title='bbox 113 647 302 687; x_wconf 87' lang='lat' dir='ltr'>Stitnum</span> <span class='ocrx_word' id='word_1_57' title='bbox 327 680 336 689; x_wconf 89' lang='lat'><strong>.</strong></span> <span class='ocrx_word' id='word_1_58' title='bbox 360 679 369 688; x_wconf 90' lang='lat'><strong>.</strong></span> <span class='ocrx_word' id='word_1_59' title='bbox 394 680 403 688; x_wconf 92' lang='lat'>.</span> <span class='ocrx_word' id='word_1_60' title='bbox 427 647 530 688; x_wconf 87' lang='lat' dir='ltr'>fecit</span> <span class='ocrx_word' id='word_1_61' title='bbox 550 647 643 688; x_wconf 90' lang='lat' dir='ltr'>Deo</span> <span class='ocrx_word' id='word_1_62' title='bbox 661 680 669 688; x_wconf 91' lang='lat'><strong>.</strong></span> <span class='ocrx_word' id='word_1_63' title='bbox 695 680 704 689; x_wconf 91' lang='lat'><strong>.</strong></span> <span class='ocrx_word' id='word_1_64' title='bbox 724 680 732 688; x_wconf 94' lang='lat'><em>.</em></span> <span class='ocrx_word' id='word_1_65' title='bbox 758 648 810 688; x_wconf 84' lang='lat' dir='ltr'>de</span> <span class='ocrx_word' id='word_1_66' title='bbox 826 652 1000 701; x_wconf 89' lang='lat' dir='ltr'>pastura</span> <span class='ocrx_word' id='word_1_67' title='bbox 1021 647 1073 687; x_wconf 90' lang='lat' dir='ltr'>ad</span> <span class='ocrx_word' id='word_1_68' title='bbox 1087 646 1224 687; x_wconf 80' lang='lat' dir='ltr'>sexies</span> <span class='ocrx_word' id='word_1_69' title='bbox 1238 647 1393 701; x_wconf 87' lang='lat' dir='ltr'>viginti</span> <span class='ocrx_word' id='word_1_70' title='bbox 1406 646 1619 687; x_wconf 88' lang='lat' dir='ltr'>multones</span> 
     </span>
     <span class='ocr_line' id='line_1_8' title="bbox 109 704 1618 758; baseline 0.001 -14"><span class='ocrx_word' id='word_1_71' title='bbox 109 718 186 758; x_wconf 88' lang='lat' dir='ltr'>per</span> <span class='ocrx_word' id='word_1_72' title='bbox 205 709 345 745; x_wconf 91' lang='lat' dir='ltr'>totum</span> <span class='ocrx_word' id='word_1_73' title='bbox 366 705 626 745; x_wconf 73' lang='lat' dir='ltr'>territorium</span> <span class='ocrx_word' id='word_1_74' title='bbox 649 705 700 746; x_wconf 91' lang='lat' dir='ltr'>de</span> <span class='ocrx_word' id='word_1_75' title='bbox 721 706 911 746; x_wconf 85' lang='lat' dir='ltr'>Stitnum</span> <span class='ocrx_word' id='word_1_76' title='bbox 933 705 1176 758; x_wconf 87' lang='lat' dir='ltr'>ubicunque</span> <span class='ocrx_word' id='word_1_77' title='bbox 1198 738 1207 746; x_wconf 91' lang='lat'><strong>.</strong></span> <span class='ocrx_word' id='word_1_78' title='bbox 1232 738 1240 746; x_wconf 95' lang='lat'><strong><em>.</em></strong></span> <span class='ocrx_word' id='word_1_79' title='bbox 1266 738 1275 746; x_wconf 93' lang='lat'><em>.</em></span> <span class='ocrx_word' id='word_1_80' title='bbox 1300 708 1342 745; x_wconf 91' lang='lat' dir='ltr'>et</span> <span class='ocrx_word' id='word_1_81' title='bbox 1372 704 1423 745; x_wconf 87' lang='lat' dir='ltr'>de</span> <span class='ocrx_word' id='word_1_82' title='bbox 1454 705 1618 746; x_wconf 82' lang='lat' dir='ltr'>duabus</span> 
     </span>
     <span class='ocr_line' id='line_1_9' title="bbox 111 762 1619 817; baseline 0.001 -15"><span class='ocrx_word' id='word_1_83' title='bbox 111 762 218 803; x_wconf 89' lang='lat' dir='ltr'>acris</span> <span class='ocrx_word' id='word_1_84' title='bbox 233 763 345 816; x_wconf 88' lang='lat' dir='ltr'>prati</span> <span class='ocrx_word' id='word_1_85' title='bbox 362 763 440 803; x_wconf 90' lang='lat' dir='ltr'>sub</span> <span class='ocrx_word' id='word_1_86' title='bbox 456 763 684 812; x_wconf 85' lang='lat' dir='ltr'>Brosehou,</span> <span class='ocrx_word' id='word_1_87' title='bbox 701 763 813 817; x_wconf 86' lang='lat' dir='ltr'>quod</span> <span class='ocrx_word' id='word_1_88' title='bbox 834 768 1010 804; x_wconf 85' lang='lat' dir='ltr'>vocatur</span> <span class='ocrx_word' id='word_1_89' title='bbox 1026 762 1305 816; x_wconf 83' lang='lat' dir='ltr'>Langedayle,</span> <span class='ocrx_word' id='word_1_90' title='bbox 1323 762 1373 803; x_wconf 89' lang='lat' dir='ltr'>de</span> <span class='ocrx_word' id='word_1_91' title='bbox 1390 762 1619 804; x_wconf 80' lang='lat' dir='ltr'>medietate</span> 
     </span>
     <span class='ocr_line' id='line_1_10' title="bbox 112 820 1618 874; baseline 0 -14"><span class='ocrx_word' id='word_1_92' title='bbox 112 820 290 861; x_wconf 82' lang='lat' dir='ltr'>culturae</span> <span class='ocrx_word' id='word_1_93' title='bbox 312 821 364 861; x_wconf 91' lang='lat' dir='ltr'>de</span> <span class='ocrx_word' id='word_1_94' title='bbox 398 821 692 861; x_wconf 81' lang='lat' dir='ltr'>Banneleues1</span> <span class='ocrx_word' id='word_1_95' title='bbox 725 834 873 861; x_wconf 86' lang='lat' dir='ltr'>versus</span> <span class='ocrx_word' id='word_1_96' title='bbox 899 821 1154 874; x_wconf 86' lang='lat' dir='ltr'>aquilonem,</span> <span class='ocrx_word' id='word_1_97' title='bbox 1189 834 1287 861; x_wconf 92' lang='lat' dir='ltr'>cum</span> <span class='ocrx_word' id='word_1_98' title='bbox 1317 820 1618 873; x_wconf 82' lang='lat' dir='ltr'>pertinenciis:</span> 
     </span>
     <span class='ocr_line' id='line_1_11' title="bbox 111 877 1618 932; baseline 0.001 -14"><span class='ocrx_word' id='word_1_99' title='bbox 111 877 436 919; x_wconf 88' lang='lat' dir='ltr'>Concessionem</span> <span class='ocrx_word' id='word_1_100' title='bbox 460 912 469 920; x_wconf 95' lang='lat'>.</span> <span class='ocrx_word' id='word_1_101' title='bbox 493 911 501 919; x_wconf 91' lang='lat'><em>.</em></span> <span class='ocrx_word' id='word_1_102' title='bbox 525 912 532 919; x_wconf 90' lang='lat'>.</span> <span class='ocrx_word' id='word_1_103' title='bbox 556 892 662 932; x_wconf 88' lang='lat' dir='ltr'>quas</span> <span class='ocrx_word' id='word_1_104' title='bbox 683 878 926 919; x_wconf 55' lang='lat' dir='ltr'>XVillelmus</span> <span class='ocrx_word' id='word_1_105' title='bbox 955 878 1006 919; x_wconf 89' lang='lat' dir='ltr'>de</span> <span class='ocrx_word' id='word_1_106' title='bbox 1036 878 1120 919; x_wconf 85' lang='lat' dir='ltr'>Ros</span> <span class='ocrx_word' id='word_1_107' title='bbox 1142 911 1149 919; x_wconf 93' lang='lat'>.</span> <span class='ocrx_word' id='word_1_108' title='bbox 1173 911 1181 919; x_wconf 86' lang='lat'><strong>.</strong></span> <span class='ocrx_word' id='word_1_109' title='bbox 1205 911 1213 919; x_wconf 89' lang='lat'><strong>.</strong></span> <span class='ocrx_word' id='word_1_110' title='bbox 1236 878 1336 919; x_wconf 87' lang='lat' dir='ltr'>fecit</span> <span class='ocrx_word' id='word_1_111' title='bbox 1357 879 1450 919; x_wconf 91' lang='lat' dir='ltr'>Deo</span> <span class='ocrx_word' id='word_1_112' title='bbox 1471 911 1480 919; x_wconf 95' lang='lat'><strong>.</strong></span> <span class='ocrx_word' id='word_1_113' title='bbox 1502 912 1510 919; x_wconf 92' lang='lat'>.</span> <span class='ocrx_word' id='word_1_114' title='bbox 1533 911 1541 919; x_wconf 91' lang='lat'>.</span> <span class='ocrx_word' id='word_1_115' title='bbox 1566 878 1618 919; x_wconf 88' lang='lat' dir='ltr'>de</span> 
     </span>
     <span class='ocr_line' id='line_1_12' title="bbox 109 935 1617 990; baseline 0.001 -15"><span class='ocrx_word' id='word_1_116' title='bbox 109 935 338 976; x_wconf 85' lang='lat' dir='ltr'>donatione</span> <span class='ocrx_word' id='word_1_117' title='bbox 361 950 489 990; x_wconf 89' lang='lat' dir='ltr'>quam</span> <span class='ocrx_word' id='word_1_118' title='bbox 512 937 723 977; x_wconf 84' lang='lat' dir='ltr'>Robertus</span> <span class='ocrx_word' id='word_1_119' title='bbox 745 936 796 977; x_wconf 87' lang='lat' dir='ltr'>de</span> <span class='ocrx_word' id='word_1_120' title='bbox 817 936 914 985; x_wconf 85' lang='lat' dir='ltr'>Ros,</span> <span class='ocrx_word' id='word_1_121' title='bbox 935 940 1057 989; x_wconf 90' lang='lat' dir='ltr'>pater</span> <span class='ocrx_word' id='word_1_122' title='bbox 1077 949 1192 988; x_wconf 87' lang='lat' dir='ltr'>suus,</span> <span class='ocrx_word' id='word_1_123' title='bbox 1217 936 1377 976; x_wconf 88' lang='lat' dir='ltr'>eisdem</span> <span class='ocrx_word' id='word_1_124' title='bbox 1399 936 1617 977; x_wconf 87' lang='lat' dir='ltr'>monachis</span> 
     </span>
     <span class='ocr_line' id='line_1_13' title="bbox 109 993 1617 1047; baseline 0 -14"><span class='ocrx_word' id='word_1_125' title='bbox 109 993 212 1033; x_wconf 82' lang='lat' dir='ltr'>fecit</span> <span class='ocrx_word' id='word_1_126' title='bbox 252 993 305 1034; x_wconf 88' lang='lat' dir='ltr'>ad</span> <span class='ocrx_word' id='word_1_127' title='bbox 346 994 578 1047; x_wconf 83' lang='lat' dir='ltr'>pitanciam</span> <span class='ocrx_word' id='word_1_128' title='bbox 634 994 857 1034; x_wconf 85' lang='lat' dir='ltr'>annuatim</span> <span class='ocrx_word' id='word_1_129' title='bbox 913 994 1152 1034; x_wconf 86' lang='lat' dir='ltr'>faciendam</span> <span class='ocrx_word' id='word_1_130' title='bbox 1204 994 1250 1033; x_wconf 89' lang='lat' dir='ltr'>in</span> <span class='ocrx_word' id='word_1_131' title='bbox 1291 994 1358 1035; x_wconf 90' lang='lat' dir='ltr'>die</span> <span class='ocrx_word' id='word_1_132' title='bbox 1413 994 1617 1035; x_wconf 86' lang='lat' dir='ltr'>Omnium</span> 
     </span>
     <span class='ocr_line' id='line_1_14' title="bbox 109 1050 1616 1105; baseline 0.001 -14"><span class='ocrx_word' id='word_1_133' title='bbox 109 1050 384 1092; x_wconf 85' lang='lat' dir='ltr'>Sanctorum:</span> <span class='ocrx_word' id='word_1_134' title='bbox 412 1052 700 1092; x_wconf 84' lang='lat' dir='ltr'>Donationem</span> <span class='ocrx_word' id='word_1_135' title='bbox 722 1086 730 1093; x_wconf 90' lang='lat'><strong>.</strong></span> <span class='ocrx_word' id='word_1_136' title='bbox 754 1084 762 1092; x_wconf 90' lang='lat'>.</span> <span class='ocrx_word' id='word_1_137' title='bbox 783 1084 791 1092; x_wconf 91' lang='lat'><strong>.</strong></span> <span class='ocrx_word' id='word_1_138' title='bbox 816 1065 920 1105; x_wconf 89' lang='lat' dir='ltr'>quas</span> <span class='ocrx_word' id='word_1_139' title='bbox 942 1051 1155 1092; x_wconf 86' lang='lat' dir='ltr'>Henricus</span> <span class='ocrx_word' id='word_1_140' title='bbox 1187 1051 1239 1092; x_wconf 90' lang='lat' dir='ltr'>de</span> <span class='ocrx_word' id='word_1_141' title='bbox 1268 1051 1481 1105; x_wconf 88' lang='lat' dir='ltr'>Kaytona,</span> <span class='ocrx_word' id='word_1_142' title='bbox 1503 1051 1616 1092; x_wconf 89' lang='lat' dir='ltr'>filius</span> 
     </span>
     <span class='ocr_line' id='line_1_15' title="bbox 108 1108 1618 1163; baseline 0.001 -15"><span class='ocrx_word' id='word_1_143' title='bbox 108 1108 291 1150; x_wconf 86' lang='lat' dir='ltr'>Walteri</span> <span class='ocrx_word' id='word_1_144' title='bbox 312 1110 364 1150; x_wconf 92' lang='lat' dir='ltr'>de</span> <span class='ocrx_word' id='word_1_145' title='bbox 386 1110 588 1163; x_wconf 84' lang='lat' dir='ltr'>Kaytona</span> <span class='ocrx_word' id='word_1_146' title='bbox 609 1143 616 1150; x_wconf 91' lang='lat'><strong>.</strong></span> <span class='ocrx_word' id='word_1_147' title='bbox 641 1142 648 1150; x_wconf 90' lang='lat'><strong>.</strong></span> <span class='ocrx_word' id='word_1_148' title='bbox 672 1142 680 1150; x_wconf 91' lang='lat'>.</span> <span class='ocrx_word' id='word_1_149' title='bbox 703 1109 806 1150; x_wconf 82' lang='lat' dir='ltr'>iecit</span> <span class='ocrx_word' id='word_1_150' title='bbox 826 1110 919 1149; x_wconf 91' lang='lat' dir='ltr'>Deo</span> <span class='ocrx_word' id='word_1_151' title='bbox 941 1142 948 1149; x_wconf 95' lang='lat'><strong>.</strong></span> <span class='ocrx_word' id='word_1_152' title='bbox 972 1141 980 1150; x_wconf 93' lang='lat'><strong>.</strong></span> <span class='ocrx_word' id='word_1_153' title='bbox 1005 1142 1012 1150; x_wconf 95' lang='lat'>.</span> <span class='ocrx_word' id='word_1_154' title='bbox 1036 1110 1087 1149; x_wconf 91' lang='lat' dir='ltr'>de</span> <span class='ocrx_word' id='word_1_155' title='bbox 1108 1109 1183 1149; x_wconf 90' lang='lat' dir='ltr'>illo</span> <span class='ocrx_word' id='word_1_156' title='bbox 1205 1114 1326 1161; x_wconf 91' lang='lat' dir='ltr'>prato</span> <span class='ocrx_word' id='word_1_157' title='bbox 1347 1110 1393 1149; x_wconf 88' lang='lat' dir='ltr'>in</span> <span class='ocrx_word' id='word_1_158' title='bbox 1415 1109 1618 1162; x_wconf 76' lang='lat' dir='ltr'>Kaytona</span> 
     </span>
     <span class='ocr_line' id='line_1_16' title="bbox 108 1167 1618 1221; baseline 0.001 -15"><span class='ocrx_word' id='word_1_159' title='bbox 108 1167 222 1219; x_wconf 88' lang='lat' dir='ltr'>quod</span> <span class='ocrx_word' id='word_1_160' title='bbox 243 1173 421 1208; x_wconf 86' lang='lat' dir='ltr'>vocatur</span> <span class='ocrx_word' id='word_1_161' title='bbox 442 1167 481 1207; x_wconf 91' lang='grc'>10</span> <span class='ocrx_word' id='word_1_162' title='bbox 503 1167 783 1221; x_wconf 80' lang='lat' dir='ltr'>Hallehenge‚</span> <span class='ocrx_word' id='word_1_163' title='bbox 806 1171 849 1207; x_wconf 91' lang='lat' dir='ltr'>et</span> <span class='ocrx_word' id='word_1_164' title='bbox 872 1167 948 1207; x_wconf 92' lang='lat' dir='ltr'>illo</span> <span class='ocrx_word' id='word_1_165' title='bbox 968 1171 1089 1220; x_wconf 90' lang='lat' dir='ltr'>prato</span> <span class='ocrx_word' id='word_1_166' title='bbox 1118 1167 1233 1219; x_wconf 90' lang='lat' dir='ltr'>quod</span> <span class='ocrx_word' id='word_1_167' title='bbox 1267 1167 1424 1207; x_wconf 91' lang='lat' dir='ltr'>dicitur</span> <span class='ocrx_word' id='word_1_168' title='bbox 1456 1167 1618 1221; x_wconf 81' lang='lat' dir='ltr'>Lange·</span> 
     </span>
     <span class='ocr_line' id='line_1_17' title="bbox 108 1224 1617 1279; baseline 0.001 -16"><span class='ocrx_word' id='word_1_169' title='bbox 108 1238 211 1270; x_wconf 82' lang='lat' dir='ltr'>mar,</span> <span class='ocrx_word' id='word_1_170' title='bbox 233 1239 330 1266; x_wconf 90' lang='lat' dir='ltr'>cum</span> <span class='ocrx_word' id='word_1_171' title='bbox 351 1225 629 1279; x_wconf 79' lang='lat' dir='ltr'>pertinenciis</span> <span class='ocrx_word' id='word_1_172' title='bbox 648 1241 656 1265; x_wconf 90' lang='lat'><strong>:</strong></span> <span class='ocrx_word' id='word_1_173' title='bbox 689 1224 1016 1266; x_wconf 86' lang='lat' dir='ltr'>Concessionem</span> <span class='ocrx_word' id='word_1_174' title='bbox 1038 1224 1179 1271; x_wconf 82' lang='lat' dir='ltr'>etiam,</span> <span class='ocrx_word' id='word_1_175' title='bbox 1201 1225 1505 1272; x_wconf 84' lang='lat' dir='ltr'>remissionem,</span> <span class='ocrx_word' id='word_1_176' title='bbox 1524 1238 1617 1265; x_wconf 91' lang='lat' dir='ltr'>con-</span> 
     </span>
     <span class='ocr_line' id='line_1_18' title="bbox 109 1282 1616 1336; baseline 0.001 -14"><span class='ocrx_word' id='word_1_177' title='bbox 109 1282 392 1324; x_wconf 88' lang='lat' dir='ltr'>firmationem</span> <span class='ocrx_word' id='word_1_178' title='bbox 416 1289 458 1324; x_wconf 92' lang='lat' dir='ltr'>et</span> <span class='ocrx_word' id='word_1_179' title='bbox 479 1283 669 1336; x_wconf 86' lang='lat' dir='ltr'>quietam</span> <span class='ocrx_word' id='word_1_180' title='bbox 703 1282 982 1323; x_wconf 88' lang='lat' dir='ltr'>clamanciam</span> <span class='ocrx_word' id='word_1_181' title='bbox 1016 1295 1122 1335; x_wconf 85' lang='lat' dir='ltr'>quas</span> <span class='ocrx_word' id='word_1_182' title='bbox 1157 1282 1271 1322; x_wconf 88' lang='lat' dir='ltr'>idem</span> <span class='ocrx_word' id='word_1_183' title='bbox 1307 1282 1522 1322; x_wconf 86' lang='lat' dir='ltr'>Henricus</span> <span class='ocrx_word' id='word_1_184' title='bbox 1545 1315 1552 1322; x_wconf 97' lang='lat'>.</span> <span class='ocrx_word' id='word_1_185' title='bbox 1576 1315 1584 1322; x_wconf 92' lang='lat'><strong>.</strong></span> <span class='ocrx_word' id='word_1_186' title='bbox 1607 1314 1616 1324; x_wconf 88' lang='lat'><strong>.</strong></span> 
     </span>
     <span class='ocr_line' id='line_1_19' title="bbox 107 1340 1616 1382; baseline 0.001 -3"><span class='ocrx_word' id='word_1_187' title='bbox 107 1341 209 1380; x_wconf 87' lang='lat' dir='ltr'>fecit</span> <span class='ocrx_word' id='word_1_188' title='bbox 242 1341 336 1381; x_wconf 91' lang='lat' dir='ltr'>Deo</span> <span class='ocrx_word' id='word_1_189' title='bbox 367 1374 374 1381; x_wconf 89' lang='lat'><strong>.</strong></span> <span class='ocrx_word' id='word_1_190' title='bbox 408 1372 416 1380; x_wconf 91' lang='lat'><em>.</em></span> <span class='ocrx_word' id='word_1_191' title='bbox 451 1374 459 1382; x_wconf 92' lang='lat'><strong>.</strong></span> <span class='ocrx_word' id='word_1_192' title='bbox 489 1341 541 1381; x_wconf 90' lang='lat' dir='ltr'>de</span> <span class='ocrx_word' id='word_1_193' title='bbox 576 1340 773 1381; x_wconf 87' lang='lat' dir='ltr'>omnibus</span> <span class='ocrx_word' id='word_1_194' title='bbox 810 1340 1110 1380; x_wconf 85' lang='lat' dir='ltr'>donationibus</span> <span class='ocrx_word' id='word_1_195' title='bbox 1144 1343 1187 1380; x_wconf 91' lang='lat' dir='ltr'>et</span> <span class='ocrx_word' id='word_1_196' title='bbox 1222 1340 1616 1381; x_wconf 88' lang='lat' dir='ltr'>confirmationibus</span> 
     </span>
     <span class='ocr_line' id='line_1_20' title="bbox 106 1397 1616 1451; baseline 0 -14"><span class='ocrx_word' id='word_1_197' title='bbox 106 1403 420 1439; x_wconf 89' lang='lat' dir='ltr'>antecessorum</span> <span class='ocrx_word' id='word_1_198' title='bbox 441 1412 614 1438; x_wconf 91' lang='lat' dir='ltr'>suorum</span> <span class='ocrx_word' id='word_1_199' title='bbox 636 1398 689 1439; x_wconf 90' lang='lat' dir='ltr'>de</span> <span class='ocrx_word' id='word_1_200' title='bbox 709 1398 832 1438; x_wconf 87' lang='lat' dir='ltr'>terris</span> <span class='ocrx_word' id='word_1_201' title='bbox 854 1403 897 1438; x_wconf 94' lang='lat' dir='ltr'>et</span> <span class='ocrx_word' id='word_1_202' title='bbox 917 1397 1185 1447; x_wconf 86' lang='lat' dir='ltr'>tenementis,</span> <span class='ocrx_word' id='word_1_203' title='bbox 1209 1411 1305 1437; x_wconf 90' lang='lat' dir='ltr'>cum</span> <span class='ocrx_word' id='word_1_204' title='bbox 1327 1398 1616 1451; x_wconf 89' lang='lat' dir='ltr'>pertinenciis,</span> 
     </span>
     <span class='ocr_line' id='line_1_21' title="bbox 106 1455 1616 1509; baseline 0.001 -14"><span class='ocrx_word' id='word_1_205' title='bbox 106 1469 201 1508; x_wconf 74' lang='lat' dir='ltr'>quae</span> <span class='ocrx_word' id='word_1_206' title='bbox 222 1461 370 1497; x_wconf 88' lang='lat' dir='ltr'>tenent</span> <span class='ocrx_word' id='word_1_207' title='bbox 390 1456 436 1495; x_wconf 90' lang='lat' dir='ltr'>in</span> <span class='ocrx_word' id='word_1_208' title='bbox 457 1456 572 1497; x_wconf 90' lang='lat' dir='ltr'>villis</span> <span class='ocrx_word' id='word_1_209' title='bbox 595 1461 636 1497; x_wconf 93' lang='lat' dir='ltr'>et</span> <span class='ocrx_word' id='word_1_210' title='bbox 657 1456 866 1497; x_wconf 81' lang='lat' dir='ltr'>territorio</span> <span class='ocrx_word' id='word_1_211' title='bbox 890 1456 941 1496; x_wconf 89' lang='lat' dir='ltr'>de</span> <span class='ocrx_word' id='word_1_212' title='bbox 963 1456 1168 1508; x_wconf 72' lang='lat' dir='ltr'>Kaytona</span> <span class='ocrx_word' id='word_1_213' title='bbox 1189 1460 1231 1495; x_wconf 88' lang='lat' dir='ltr'>et</span> <span class='ocrx_word' id='word_1_214' title='bbox 1253 1456 1304 1496; x_wconf 87' lang='lat' dir='ltr'>de</span> <span class='ocrx_word' id='word_1_215' title='bbox 1327 1455 1543 1509; x_wconf 82' lang='lat' dir='ltr'>Osgoteby</span> <span class='ocrx_word' id='word_1_216' title='bbox 1565 1456 1616 1496; x_wconf 91' lang='lat' dir='ltr'>de</span> 
     </span>
     <span class='ocr_line' id='line_1_22' title="bbox 105 1512 1615 1567; baseline 0.001 -14"><span class='ocrx_word' id='word_1_217' title='bbox 105 1513 228 1554; x_wconf 84' lang='lat' dir='ltr'>feodo</span> <span class='ocrx_word' id='word_1_218' title='bbox 250 1527 348 1555; x_wconf 92' lang='lat' dir='ltr'>suo:</span> <span class='ocrx_word' id='word_1_219' title='bbox 380 1514 669 1554; x_wconf 88' lang='lat' dir='ltr'>Donationem</span> <span class='ocrx_word' id='word_1_220' title='bbox 692 1547 700 1555; x_wconf 91' lang='lat'>.</span> <span class='ocrx_word' id='word_1_221' title='bbox 723 1547 730 1554; x_wconf 94' lang='lat'><em>.</em></span> <span class='ocrx_word' id='word_1_222' title='bbox 753 1547 761 1554; x_wconf 91' lang='lat'><em>.</em></span> <span class='ocrx_word' id='word_1_223' title='bbox 786 1527 891 1567; x_wconf 88' lang='lat' dir='ltr'>quas</span> <span class='ocrx_word' id='word_1_224' title='bbox 919 1513 1165 1553; x_wconf 90' lang='lat' dir='ltr'>Willelmus</span> <span class='ocrx_word' id='word_1_225' title='bbox 1202 1513 1316 1554; x_wconf 89' lang='lat' dir='ltr'>filius</span> <span class='ocrx_word' id='word_1_226' title='bbox 1350 1512 1530 1554; x_wconf 86' lang='lat' dir='ltr'>Henrici</span> <span class='ocrx_word' id='word_1_227' title='bbox 1563 1513 1615 1554; x_wconf 90' lang='lat' dir='ltr'>de</span> 
     </span>
     <span class='ocr_line' id='line_1_23' title="bbox 105 1571 1614 1625; baseline 0.001 -14"><span class='ocrx_word' id='word_1_228' title='bbox 105 1571 307 1625; x_wconf 80' lang='lat' dir='ltr'>Kaytona</span> <span class='ocrx_word' id='word_1_229' title='bbox 327 1605 334 1612; x_wconf 94' lang='lat'><em>.</em></span> <span class='ocrx_word' id='word_1_230' title='bbox 358 1605 366 1612; x_wconf 94' lang='lat'><strong>.</strong></span> <span class='ocrx_word' id='word_1_231' title='bbox 388 1605 396 1612; x_wconf 93' lang='lat'><strong>.</strong></span> <span class='ocrx_word' id='word_1_232' title='bbox 420 1572 520 1612; x_wconf 86' lang='lat' dir='ltr'>fecit</span> <span class='ocrx_word' id='word_1_233' title='bbox 541 1572 634 1612; x_wconf 89' lang='lat' dir='ltr'>Deo</span> <span class='ocrx_word' id='word_1_234' title='bbox 655 1605 663 1612; x_wconf 93' lang='lat'><strong><em>.</em></strong></span> <span class='ocrx_word' id='word_1_235' title='bbox 686 1605 694 1613; x_wconf 88' lang='lat'><strong>.</strong></span> <span class='ocrx_word' id='word_1_236' title='bbox 718 1605 725 1612; x_wconf 92' lang='lat'><em>.</em></span> <span class='ocrx_word' id='word_1_237' title='bbox 749 1571 800 1612; x_wconf 89' lang='lat' dir='ltr'>de</span> <span class='ocrx_word' id='word_1_238' title='bbox 822 1571 994 1625; x_wconf 84' lang='lat' dir='ltr'>capitali</span> <span class='ocrx_word' id='word_1_239' title='bbox 1016 1571 1231 1625; x_wconf 83' lang='lat' dir='ltr'>mesuagio</span> <span class='ocrx_word' id='word_1_240' title='bbox 1253 1585 1329 1612; x_wconf 90' lang='lat' dir='ltr'>suo</span> <span class='ocrx_word' id='word_1_241' title='bbox 1360 1571 1406 1611; x_wconf 89' lang='lat' dir='ltr'>in</span> <span class='ocrx_word' id='word_1_242' title='bbox 1436 1571 1541 1611; x_wconf 88' lang='lat' dir='ltr'>villa</span> <span class='ocrx_word' id='word_1_243' title='bbox 1563 1571 1614 1612; x_wconf 88' lang='lat' dir='ltr'>de</span> 
     </span>
     <span class='ocr_line' id='line_1_24' title="bbox 107 1629 1613 1682; baseline 0.001 -13"><span class='ocrx_word' id='word_1_244' title='bbox 107 1629 321 1682; x_wconf 85' lang='lat' dir='ltr'>Kaytona,</span> <span class='ocrx_word' id='word_1_245' title='bbox 352 1643 449 1670; x_wconf 91' lang='lat' dir='ltr'>cum</span> <span class='ocrx_word' id='word_1_246' title='bbox 480 1634 570 1670; x_wconf 86' lang='lat' dir='ltr'>tota</span> <span class='ocrx_word' id='word_1_247' title='bbox 601 1635 718 1670; x_wconf 89' lang='lat' dir='ltr'>curte</span> <span class='ocrx_word' id='word_1_248' title='bbox 755 1634 797 1670; x_wconf 93' lang='lat' dir='ltr'>et</span> <span class='ocrx_word' id='word_1_249' title='bbox 837 1629 1026 1670; x_wconf 82' lang='lat' dir='ltr'>aedificiis</span> <span class='ocrx_word' id='word_1_250' title='bbox 1058 1630 1157 1678; x_wconf 89' lang='lat' dir='ltr'>suis,</span> <span class='ocrx_word' id='word_1_251' title='bbox 1189 1634 1232 1670; x_wconf 90' lang='lat' dir='ltr'>et</span> <span class='ocrx_word' id='word_1_252' title='bbox 1273 1643 1371 1670; x_wconf 89' lang='grc'>011111</span> <span class='ocrx_word' id='word_1_253' title='bbox 1416 1629 1613 1670; x_wconf 87' lang='lat' dir='ltr'>omnibus</span> 
     </span>
     <span class='ocr_line' id='line_1_25' title="bbox 106 1686 1613 1741; baseline 0.001 -15"><span class='ocrx_word' id='word_1_254' title='bbox 106 1687 201 1727; x_wconf 88' lang='lat' dir='ltr'>aliis</span> <span class='ocrx_word' id='word_1_255' title='bbox 251 1687 539 1741; x_wconf 81' lang='lat' dir='ltr'>pertinenciis,</span> <span class='ocrx_word' id='word_1_256' title='bbox 581 1692 624 1728; x_wconf 88' lang='lat' dir='ltr'>et</span> <span class='ocrx_word' id='word_1_257' title='bbox 675 1688 725 1728; x_wconf 89' lang='lat' dir='ltr'>de</span> <span class='ocrx_word' id='word_1_258' title='bbox 776 1691 867 1728; x_wconf 85' lang='lat' dir='ltr'>tota</span> <span class='ocrx_word' id='word_1_259' title='bbox 911 1692 1086 1741; x_wconf 88' lang='lat' dir='ltr'>pastura</span> <span class='ocrx_word' id='word_1_260' title='bbox 1127 1701 1202 1728; x_wconf 89' lang='lat' dir='ltr'>sua</span> <span class='ocrx_word' id='word_1_261' title='bbox 1250 1687 1297 1726; x_wconf 87' lang='lat' dir='ltr'>in</span> <span class='ocrx_word' id='word_1_262' title='bbox 1343 1686 1613 1736; x_wconf 87' lang='lat' dir='ltr'>Whiteclive,</span> 
     </span>
     <span class='ocr_line' id='line_1_26' title="bbox 105 1744 1611 1799; baseline 0.001 -15"><span class='ocrx_word' id='word_1_263' title='bbox 105 1758 203 1784; x_wconf 90' lang='lat' dir='ltr'>cum</span> <span class='ocrx_word' id='word_1_264' title='bbox 239 1745 539 1798; x_wconf 86' lang='lat' dir='ltr'>pertinenciis:</span> <span class='ocrx_word' id='word_1_265' title='bbox 579 1745 868 1786; x_wconf 87' lang='lat' dir='ltr'>Donationem</span> <span class='ocrx_word' id='word_1_266' title='bbox 910 1778 919 1787; x_wconf 93' lang='lat'><strong><em>.</em></strong></span> <span class='ocrx_word' id='word_1_267' title='bbox 957 1778 965 1786; x_wconf 92' lang='lat'><strong>.</strong></span> <span class='ocrx_word' id='word_1_268' title='bbox 1010 1779 1018 1786; x_wconf 89' lang='lat'><em>.</em></span> <span class='ocrx_word' id='word_1_269' title='bbox 1062 1759 1167 1799; x_wconf 85' lang='lat' dir='ltr'>quas</span> <span class='ocrx_word' id='word_1_270' title='bbox 1199 1744 1455 1798; x_wconf 83' lang='lat' dir='ltr'>Ranulphus</span> <span class='ocrx_word' id='word_1_271' title='bbox 1497 1745 1611 1786; x_wconf 83' lang='lat' dir='ltr'>filius</span> 
     </span>
     <span class='ocr_line' id='line_1_27' title="bbox 103 1802 1612 1856; baseline 0 -14"><span class='ocrx_word' id='word_1_272' title='bbox 103 1802 256 1843; x_wconf 84' lang='lat' dir='ltr'>Aliciae</span> <span class='ocrx_word' id='word_1_273' title='bbox 298 1802 349 1843; x_wconf 90' lang='lat' dir='ltr'>de</span> <span class='ocrx_word' id='word_1_274' title='bbox 391 1803 632 1856; x_wconf 78' lang='lat' dir='ltr'>Kaytona&#39;.</span> <span class='ocrx_word' id='word_1_275' title='bbox 665 1836 673 1845; x_wconf 94' lang='lat'><strong>.</strong></span> <span class='ocrx_word' id='word_1_276' title='bbox 705 1836 714 1844; x_wconf 93' lang='lat'>.</span> <span class='ocrx_word' id='word_1_277' title='bbox 746 1804 848 1843; x_wconf 85' lang='lat' dir='ltr'>fecit</span> <span class='ocrx_word' id='word_1_278' title='bbox 869 1803 961 1844; x_wconf 88' lang='lat' dir='ltr'>Deo</span> <span class='ocrx_word' id='word_1_279' title='bbox 993 1836 1001 1843; x_wconf 93' lang='lat'>.</span> <span class='ocrx_word' id='word_1_280' title='bbox 1034 1836 1042 1844; x_wconf 91' lang='lat'><strong>.</strong></span> <span class='ocrx_word' id='word_1_281' title='bbox 1075 1836 1083 1843; x_wconf 91' lang='lat'>.</span> <span class='ocrx_word' id='word_1_282' title='bbox 1116 1803 1169 1843; x_wconf 90' lang='lat' dir='ltr'>de</span> <span class='ocrx_word' id='word_1_283' title='bbox 1199 1816 1286 1842; x_wconf 88' lang='lat' dir='ltr'>una</span> <span class='ocrx_word' id='word_1_284' title='bbox 1316 1803 1471 1843; x_wconf 85' lang='lat' dir='ltr'>bovata</span> <span class='ocrx_word' id='word_1_285' title='bbox 1491 1807 1612 1843; x_wconf 88' lang='lat' dir='ltr'>terrae</span> 
     </span>
     <span class='ocr_line' id='line_1_28' title="bbox 104 1860 1611 1914; baseline 0 -14"><span class='ocrx_word' id='word_1_286' title='bbox 104 1864 147 1900; x_wconf 88' lang='lat' dir='ltr'>et</span> <span class='ocrx_word' id='word_1_287' title='bbox 176 1861 341 1901; x_wconf 86' lang='lat' dir='ltr'>duobus</span> <span class='ocrx_word' id='word_1_288' title='bbox 370 1861 630 1910; x_wconf 87' lang='lat' dir='ltr'>sellionibus,</span> <span class='ocrx_word' id='word_1_289' title='bbox 667 1875 763 1901; x_wconf 88' lang='lat' dir='ltr'>cum</span> <span class='ocrx_word' id='word_1_290' title='bbox 801 1861 1086 1914; x_wconf 84' lang='lat' dir='ltr'>pertinenciis,</span> <span class='ocrx_word' id='word_1_291' title='bbox 1123 1861 1169 1900; x_wconf 91' lang='lat' dir='ltr'>in</span> <span class='ocrx_word' id='word_1_292' title='bbox 1209 1860 1435 1914; x_wconf 84' lang='lat' dir='ltr'>Kaytona:</span> <span class='ocrx_word' id='word_1_293' title='bbox 1466 1860 1611 1900; x_wconf 90' lang='lat' dir='ltr'>Dona—</span> 
     </span>
     <span class='ocr_line' id='line_1_29' title="bbox 103 1917 1610 1973; baseline 0 -15"><span class='ocrx_word' id='word_1_294' title='bbox 103 1917 263 1958; x_wconf 90' lang='lat' dir='ltr'>tionem</span> <span class='ocrx_word' id='word_1_295' title='bbox 285 1951 293 1959; x_wconf 92' lang='lat'><strong>.</strong></span> <span class='ocrx_word' id='word_1_296' title='bbox 316 1952 324 1959; x_wconf 94' lang='lat'><em>.</em></span> <span class='ocrx_word' id='word_1_297' title='bbox 347 1951 355 1959; x_wconf 88' lang='lat'><strong>.</strong></span> <span class='ocrx_word' id='word_1_298' title='bbox 379 1932 484 1972; x_wconf 90' lang='lat' dir='ltr'>quas</span> <span class='ocrx_word' id='word_1_299' title='bbox 520 1919 673 1967; x_wconf 86' lang='lat' dir='ltr'>Alicia,</span> <span class='ocrx_word' id='word_1_300' title='bbox 703 1920 917 1973; x_wconf 87' lang='lat' dir='ltr'>quondam</span> <span class='ocrx_word' id='word_1_301' title='bbox 954 1933 1060 1959; x_wconf 77' lang='lat' dir='ltr'>uxor</span> <span class='ocrx_word' id='word_1_302' title='bbox 1096 1918 1277 1959; x_wconf 87' lang='lat' dir='ltr'>Henrici</span> <span class='ocrx_word' id='word_1_303' title='bbox 1312 1918 1392 1958; x_wconf 90' lang='lat' dir='ltr'>filii</span> <span class='ocrx_word' id='word_1_304' title='bbox 1426 1918 1610 1959; x_wconf 82' lang='lat' dir='ltr'>Walteri</span> 
     </span>
     <span class='ocr_line' id='line_1_30' title="bbox 103 1975 1610 2030; baseline 0 -14"><span class='ocrx_word' id='word_1_305' title='bbox 103 1975 155 2016; x_wconf 92' lang='lat' dir='ltr'>de</span> <span class='ocrx_word' id='word_1_306' title='bbox 176 1976 425 2026; x_wconf 88' lang='lat' dir='ltr'>Folketona,</span> <span class='ocrx_word' id='word_1_307' title='bbox 446 2009 454 2018; x_wconf 91' lang='lat'>.</span> <span class='ocrx_word' id='word_1_308' title='bbox 478 2009 486 2017; x_wconf 92' lang='lat'><strong>.</strong></span> <span class='ocrx_word' id='word_1_309' title='bbox 511 2010 518 2017; x_wconf 94' lang='lat'>.</span> <span class='ocrx_word' id='word_1_310' title='bbox 541 1977 643 2017; x_wconf 85' lang='lat' dir='ltr'>fecit</span> <span class='ocrx_word' id='word_1_311' title='bbox 664 1977 757 2017; x_wconf 90' lang='lat' dir='ltr'>Deo</span> <span class='ocrx_word' id='word_1_312' title='bbox 779 2010 785 2017; x_wconf 96' lang='lat'><em>.</em></span> <span class='ocrx_word' id='word_1_313' title='bbox 810 2010 817 2018; x_wconf 92' lang='lat'>.</span> <span class='ocrx_word' id='word_1_314' title='bbox 842 2011 849 2018; x_wconf 91' lang='lat'><strong>.</strong></span> <span class='ocrx_word' id='word_1_315' title='bbox 873 1977 924 2017; x_wconf 90' lang='grc'>(10</span> <span class='ocrx_word' id='word_1_316' title='bbox 945 1981 1035 2016; x_wconf 80' lang='lat' dir='ltr'>toto</span> <span class='ocrx_word' id='word_1_317' title='bbox 1052 1982 1172 2030; x_wconf 88' lang='lat' dir='ltr'>prato</span> <span class='ocrx_word' id='word_1_318' title='bbox 1186 1990 1262 2016; x_wconf 90' lang='lat' dir='ltr'>suo</span> <span class='ocrx_word' id='word_1_319' title='bbox 1279 1975 1332 2016; x_wconf 88' lang='lat' dir='ltr'>de</span> <span class='ocrx_word' id='word_1_320' title='bbox 1347 1976 1610 2030; x_wconf 82' lang='lat' dir='ltr'>Gangeman—</span> 
     </span>
     <span class='ocr_line' id='line_1_31' title="bbox 102 2034 1611 2088; baseline 0.001 -15"><span class='ocrx_word' id='word_1_321' title='bbox 102 2038 240 2087; x_wconf 87' lang='lat' dir='ltr'>stayn,</span> <span class='ocrx_word' id='word_1_322' title='bbox 273 2048 371 2074; x_wconf 87' lang='lat' dir='ltr'>cum</span> <span class='ocrx_word' id='word_1_323' title='bbox 410 2035 697 2088; x_wconf 88' lang='lat' dir='ltr'>pertinenciis,</span> <span class='ocrx_word' id='word_1_324' title='bbox 739 2036 783 2074; x_wconf 88' lang='lat' dir='ltr'>in</span> <span class='ocrx_word' id='word_1_325' title='bbox 827 2035 1068 2088; x_wconf 82' lang='lat' dir='ltr'>Osgoteby:</span> <span class='ocrx_word' id='word_1_326' title='bbox 1116 2034 1404 2074; x_wconf 88' lang='lat' dir='ltr'>Donationem</span> <span class='ocrx_word' id='word_1_327' title='bbox 1438 2067 1445 2074; x_wconf 97' lang='lat'>.</span> <span class='ocrx_word' id='word_1_328' title='bbox 1482 2067 1489 2074; x_wconf 95' lang='lat'><strong>.</strong></span> <span class='ocrx_word' id='word_1_329' title='bbox 1524 2068 1532 2076; x_wconf 92' lang='lat'><strong><em>.</em></strong></span> <span class='ocrx_word' id='word_1_330' title='bbox 1568 2040 1611 2075; x_wconf 90' lang='lat' dir='ltr'>et</span> 
     </span>
     <span class='ocr_line' id='line_1_32' title="bbox 101 2091 1609 2146; baseline 0.001 -16"><span class='ocrx_word' id='word_1_331' title='bbox 101 2092 291 2144; x_wconf 87' lang='lat' dir='ltr'>quietam</span> <span class='ocrx_word' id='word_1_332' title='bbox 322 2091 602 2132; x_wconf 88' lang='lat' dir='ltr'>clamanciam</span> <span class='ocrx_word' id='word_1_333' title='bbox 638 2106 743 2146; x_wconf 88' lang='lat' dir='ltr'>quas</span> <span class='ocrx_word' id='word_1_334' title='bbox 776 2092 929 2141; x_wconf 85' lang='lat' dir='ltr'>Alicia,</span> <span class='ocrx_word' id='word_1_335' title='bbox 962 2092 1177 2145; x_wconf 87' lang='lat' dir='ltr'>quondam</span> <span class='ocrx_word' id='word_1_336' title='bbox 1213 2105 1320 2132; x_wconf 75' lang='lat' dir='ltr'>uxor</span> <span class='ocrx_word' id='word_1_337' title='bbox 1348 2091 1526 2132; x_wconf 80' lang='lat' dir='ltr'>Hemici</span> <span class='ocrx_word' id='word_1_338' title='bbox 1558 2092 1609 2132; x_wconf 89' lang='lat' dir='ltr'>de</span> 
     </span>
     <span class='ocr_line' id='line_1_33' title="bbox 100 2149 1609 2203; baseline 0 -14"><span class='ocrx_word' id='word_1_339' title='bbox 100 2149 336 2190; x_wconf 79' lang='lat' dir='ltr'>Folketona</span> <span class='ocrx_word' id='word_1_340' title='bbox 356 2182 363 2189; x_wconf 94' lang='lat'><em>.</em></span> <span class='ocrx_word' id='word_1_341' title='bbox 387 2183 394 2190; x_wconf 91' lang='lat'>.</span> <span class='ocrx_word' id='word_1_342' title='bbox 419 2183 426 2189; x_wconf 97' lang='lat'>.</span> <span class='ocrx_word' id='word_1_343' title='bbox 449 2150 551 2190; x_wconf 78' lang='lat' dir='ltr'>fecit</span> <span class='ocrx_word' id='word_1_344' title='bbox 572 2151 664 2191; x_wconf 90' lang='lat' dir='ltr'>Deo</span> <span class='ocrx_word' id='word_1_345' title='bbox 686 2184 693 2191; x_wconf 86' lang='lat'><em>.</em></span> <span class='ocrx_word' id='word_1_346' title='bbox 718 2184 725 2191; x_wconf 90' lang='lat'><strong>.</strong></span> <span class='ocrx_word' id='word_1_347' title='bbox 749 2183 755 2190; x_wconf 96' lang='lat'>.</span> <span class='ocrx_word' id='word_1_348' title='bbox 780 2150 832 2191; x_wconf 88' lang='grc'>(10</span> <span class='ocrx_word' id='word_1_349' title='bbox 853 2155 942 2190; x_wconf 74' lang='lat' dir='ltr'>toto</span> <span class='ocrx_word' id='word_1_350' title='bbox 960 2150 1055 2203; x_wconf 85' lang='lat' dir='ltr'>jure</span> <span class='ocrx_word' id='word_1_351' title='bbox 1077 2154 1119 2190; x_wconf 93' lang='lat' dir='ltr'>et</span> <span class='ocrx_word' id='word_1_352' title='bbox 1151 2149 1303 2190; x_wconf 87' lang='lat' dir='ltr'>clamio</span> <span class='ocrx_word' id='word_1_353' title='bbox 1325 2163 1419 2203; x_wconf 80' lang='lat' dir='ltr'>quae</span> <span class='ocrx_word' id='word_1_354' title='bbox 1446 2149 1609 2199; x_wconf 90' lang='lat' dir='ltr'>habuit,</span> 
     </span>
     <span class='ocr_line' id='line_1_34' title="bbox 100 2206 1608 2261; baseline 0.001 -15"><span class='ocrx_word' id='word_1_355' title='bbox 100 2207 169 2247; x_wconf 88' lang='lat' dir='ltr'>vel</span> <span class='ocrx_word' id='word_1_356' title='bbox 190 2206 344 2247; x_wconf 87' lang='lat' dir='ltr'>habere</span> <span class='ocrx_word' id='word_1_357' title='bbox 373 2208 525 2260; x_wconf 87' lang='lat' dir='ltr'>potuit,</span> <span class='ocrx_word' id='word_1_358' title='bbox 547 2208 591 2247; x_wconf 92' lang='lat' dir='ltr'>in</span> <span class='ocrx_word' id='word_1_359' title='bbox 623 2212 713 2248; x_wconf 76' lang='lat' dir='ltr'>tota</span> <span class='ocrx_word' id='word_1_360' title='bbox 743 2212 854 2248; x_wconf 81' lang='lat' dir='ltr'>terra</span> <span class='ocrx_word' id='word_1_361' title='bbox 883 2213 924 2248; x_wconf 87' lang='lat' dir='ltr'>et</span> <span class='ocrx_word' id='word_1_362' title='bbox 955 2212 1129 2261; x_wconf 81' lang='lat' dir='ltr'>pastura</span> <span class='ocrx_word' id='word_1_363' title='bbox 1160 2208 1211 2248; x_wconf 87' lang='lat' dir='ltr'>de</span> <span class='ocrx_word' id='word_1_364' title='bbox 1241 2207 1486 2256; x_wconf 87' lang='lat' dir='ltr'>Witecliffe,</span> <span class='ocrx_word' id='word_1_365' title='bbox 1510 2221 1608 2248; x_wconf 91' lang='lat' dir='ltr'>cum</span> 
     </span>
     <span class='ocr_line' id='line_1_35' title="bbox 103 2265 1609 2319; baseline 0 -14"><span class='ocrx_word' id='word_1_366' title='bbox 103 2265 393 2318; x_wconf 86' lang='lat' dir='ltr'>pertinenciis,</span> <span class='ocrx_word' id='word_1_367' title='bbox 414 2265 458 2304; x_wconf 93' lang='lat' dir='ltr'>in</span> <span class='ocrx_word' id='word_1_368' title='bbox 481 2265 707 2318; x_wconf 79' lang='lat' dir='ltr'>Kaytona:</span> <span class='ocrx_word' id='word_1_369' title='bbox 738 2266 1027 2306; x_wconf 78' lang='lat' dir='ltr'>Donationem</span> <span class='ocrx_word' id='word_1_370' title='bbox 1049 2298 1057 2306; x_wconf 93' lang='lat'><strong><em>.</em></strong></span> <span class='ocrx_word' id='word_1_371' title='bbox 1083 2299 1090 2306; x_wconf 91' lang='lat'><strong>.</strong></span> <span class='ocrx_word' id='word_1_372' title='bbox 1114 2299 1121 2305; x_wconf 95' lang='lat'><em>.</em></span> <span class='ocrx_word' id='word_1_373' title='bbox 1144 2279 1250 2319; x_wconf 86' lang='lat' dir='ltr'>quas</span> <span class='ocrx_word' id='word_1_374' title='bbox 1284 2266 1430 2306; x_wconf 85' lang='lat' dir='ltr'>eadem</span> <span class='ocrx_word' id='word_1_375' title='bbox 1467 2266 1609 2306; x_wconf 86' lang='lat' dir='ltr'>Alicia</span> 
     </span>
     <span class='ocr_line' id='line_1_36' title="bbox 100 2322 1608 2377; baseline 0.001 -15"><span class='ocrx_word' id='word_1_376' title='bbox 100 2355 108 2363; x_wconf 95' lang='lat'><strong><em>.</em></strong></span> <span class='ocrx_word' id='word_1_377' title='bbox 133 2355 140 2362; x_wconf 95' lang='lat'><strong><em>.</em></strong></span> <span class='ocrx_word' id='word_1_378' title='bbox 164 2357 171 2363; x_wconf 91' lang='lat'><strong>.</strong></span> <span class='ocrx_word' id='word_1_379' title='bbox 195 2322 296 2362; x_wconf 87' lang='lat' dir='ltr'>fecit</span> <span class='ocrx_word' id='word_1_380' title='bbox 316 2322 408 2363; x_wconf 89' lang='lat' dir='ltr'>Deo</span> <span class='ocrx_word' id='word_1_381' title='bbox 431 2355 438 2363; x_wconf 90' lang='lat'><strong>.</strong></span> <span class='ocrx_word' id='word_1_382' title='bbox 462 2355 469 2362; x_wconf 94' lang='lat'>.</span> <span class='ocrx_word' id='word_1_383' title='bbox 493 2356 500 2363; x_wconf 96' lang='lat'>.</span> <span class='ocrx_word' id='word_1_384' title='bbox 524 2323 576 2363; x_wconf 87' lang='lat' dir='ltr'>de</span> <span class='ocrx_word' id='word_1_385' title='bbox 597 2328 687 2363; x_wconf 85' lang='lat' dir='ltr'>tota</span> <span class='ocrx_word' id='word_1_386' title='bbox 708 2328 827 2377; x_wconf 85' lang='lat' dir='ltr'>parte</span> <span class='ocrx_word' id='word_1_387' title='bbox 856 2337 932 2364; x_wconf 88' lang='lat' dir='ltr'>sua</span> <span class='ocrx_word' id='word_1_388' title='bbox 959 2323 1193 2364; x_wconf 85' lang='lat' dir='ltr'>molendini</span> <span class='ocrx_word' id='word_1_389' title='bbox 1225 2323 1411 2377; x_wconf 87' lang='lat' dir='ltr'>aquatici</span> <span class='ocrx_word' id='word_1_390' title='bbox 1439 2323 1484 2363; x_wconf 90' lang='lat' dir='ltr'>in</span> <span class='ocrx_word' id='word_1_391' title='bbox 1505 2323 1608 2363; x_wconf 85' lang='lat' dir='ltr'>Kai-</span> 
     </span>
     <span class='ocr_line' id='line_1_37' title="bbox 100 2381 1607 2435; baseline 0.001 -15"><span class='ocrx_word' id='word_1_392' title='bbox 100 2385 213 2429; x_wconf 81' lang='lat' dir='ltr'>tona,</span> <span class='ocrx_word' id='word_1_393' title='bbox 235 2394 331 2420; x_wconf 88' lang='lat' dir='ltr'>cum</span> <span class='ocrx_word' id='word_1_394' title='bbox 353 2381 639 2434; x_wconf 88' lang='lat' dir='ltr'>pertinenciis,</span> <span class='ocrx_word' id='word_1_395' title='bbox 662 2386 704 2421; x_wconf 91' lang='lat' dir='ltr'>et</span> <span class='ocrx_word' id='word_1_396' title='bbox 725 2381 777 2422; x_wconf 84' lang='lat' dir='ltr'>de</span> <span class='ocrx_word' id='word_1_397' title='bbox 799 2385 888 2421; x_wconf 91' lang='lat' dir='ltr'>toto</span> <span class='ocrx_word' id='word_1_398' title='bbox 905 2382 1000 2434; x_wconf 87' lang='lat' dir='ltr'>jure</span> <span class='ocrx_word' id='word_1_399' title='bbox 1023 2385 1065 2422; x_wconf 85' lang='lat' dir='ltr'>et</span> <span class='ocrx_word' id='word_1_400' title='bbox 1082 2381 1242 2422; x_wconf 85' lang='lat' dir='ltr'>clameo</span> <span class='ocrx_word' id='word_1_401' title='bbox 1259 2395 1354 2435; x_wconf 80' lang='lat' dir='ltr'>quae</span> <span class='ocrx_word' id='word_1_402' title='bbox 1370 2381 1520 2421; x_wconf 86' lang='lat' dir='ltr'>habuit</span> <span class='ocrx_word' id='word_1_403' title='bbox 1537 2381 1607 2421; x_wconf 89' lang='lat' dir='ltr'>vel</span> 
     </span>
     <span class='ocr_line' id='line_1_38' title="bbox 99 2437 1606 2492; baseline 0.001 -14"><span class='ocrx_word' id='word_1_404' title='bbox 99 2437 254 2478; x_wconf 84' lang='lat' dir='ltr'>habere</span> <span class='ocrx_word' id='word_1_405' title='bbox 290 2439 432 2491; x_wconf 91' lang='lat' dir='ltr'>potuit</span> <span class='ocrx_word' id='word_1_406' title='bbox 468 2439 513 2478; x_wconf 93' lang='lat' dir='ltr'>in</span> <span class='ocrx_word' id='word_1_407' title='bbox 549 2439 697 2479; x_wconf 84' lang='lat' dir='ltr'>eodem</span> <span class='ocrx_word' id='word_1_408' title='bbox 736 2439 1008 2480; x_wconf 87' lang='lat' dir='ltr'>molendino:</span> <span class='ocrx_word' id='word_1_409' title='bbox 1048 2439 1336 2480; x_wconf 83' lang='lat' dir='ltr'>Donationem</span> <span class='ocrx_word' id='word_1_410' title='bbox 1370 2472 1379 2481; x_wconf 85' lang='lat'><strong>.</strong></span> <span class='ocrx_word' id='word_1_411' title='bbox 1415 2472 1422 2479; x_wconf 97' lang='lat'>.</span> <span class='ocrx_word' id='word_1_412' title='bbox 1457 2472 1464 2479; x_wconf 91' lang='lat'><strong>.</strong></span> <span class='ocrx_word' id='word_1_413' title='bbox 1501 2453 1606 2492; x_wconf 88' lang='lat' dir='ltr'>quas</span> 
     </span>
     <span class='ocr_line' id='line_1_39' title="bbox 98 2495 1607 2538; baseline 0.001 -3"><span class='ocrx_word' id='word_1_414' title='bbox 98 2495 318 2536; x_wconf 83' lang='lat' dir='ltr'>Walterus</span> <span class='ocrx_word' id='word_1_415' title='bbox 340 2496 453 2536; x_wconf 89' lang='lat' dir='ltr'>filius</span> <span class='ocrx_word' id='word_1_416' title='bbox 477 2496 654 2537; x_wconf 89' lang='lat' dir='ltr'>Henrici</span> <span class='ocrx_word' id='word_1_417' title='bbox 675 2497 726 2537; x_wconf 91' lang='lat' dir='ltr'>de</span> <span class='ocrx_word' id='word_1_418' title='bbox 759 2497 993 2537; x_wconf 83' lang='lat' dir='ltr'>Folketona</span> <span class='ocrx_word' id='word_1_419' title='bbox 1014 2530 1021 2538; x_wconf 91' lang='lat'><strong>.</strong></span> <span class='ocrx_word' id='word_1_420' title='bbox 1046 2530 1053 2538; x_wconf 91' lang='lat'><em>.</em></span> <span class='ocrx_word' id='word_1_421' title='bbox 1076 2530 1083 2537; x_wconf 96' lang='lat'>.</span> <span class='ocrx_word' id='word_1_422' title='bbox 1108 2497 1209 2538; x_wconf 86' lang='lat' dir='ltr'>fecit</span> <span class='ocrx_word' id='word_1_423' title='bbox 1229 2498 1322 2538; x_wconf 89' lang='lat' dir='ltr'>Deo</span> <span class='ocrx_word' id='word_1_424' title='bbox 1343 2530 1351 2538; x_wconf 90' lang='lat'>.</span> <span class='ocrx_word' id='word_1_425' title='bbox 1375 2530 1383 2538; x_wconf 89' lang='lat'><strong>.</strong></span> <span class='ocrx_word' id='word_1_426' title='bbox 1408 2530 1413 2536; x_wconf 96' lang='lat'>.</span> <span class='ocrx_word' id='word_1_427' title='bbox 1438 2497 1489 2537; x_wconf 88' lang='lat' dir='ltr'>de</span> <span class='ocrx_word' id='word_1_428' title='bbox 1521 2510 1607 2536; x_wconf 89' lang='lat' dir='ltr'>una</span> 
     </span>
     <span class='ocr_line' id='line_1_40' title="bbox 99 2553 1606 2608; baseline 0 -15"><span class='ocrx_word' id='word_1_429' title='bbox 99 2553 254 2594; x_wconf 83' lang='lat' dir='ltr'>bovata</span> <span class='ocrx_word' id='word_1_430' title='bbox 274 2559 406 2601; x_wconf 70' lang='lat' dir='ltr'>teme,</span> <span class='ocrx_word' id='word_1_431' title='bbox 429 2567 526 2594; x_wconf 92' lang='lat' dir='ltr'>cum</span> <span class='ocrx_word' id='word_1_432' title='bbox 548 2555 835 2608; x_wconf 86' lang='lat' dir='ltr'>pertinenciis,</span> <span class='ocrx_word' id='word_1_433' title='bbox 856 2555 902 2595; x_wconf 89' lang='lat' dir='ltr'>in</span> <span class='ocrx_word' id='word_1_434' title='bbox 924 2555 1070 2595; x_wconf 89' lang='lat' dir='ltr'>eadem</span> <span class='ocrx_word' id='word_1_435' title='bbox 1087 2555 1201 2603; x_wconf 78' lang='lat' dir='ltr'>villa,</span> <span class='ocrx_word' id='word_1_436' title='bbox 1223 2555 1413 2608; x_wconf 82' lang='lat' dir='ltr'>exceptis</span> <span class='ocrx_word' id='word_1_437' title='bbox 1435 2555 1541 2594; x_wconf 83' lang='lat' dir='ltr'>tofto</span> <span class='ocrx_word' id='word_1_438' title='bbox 1564 2559 1606 2594; x_wconf 93' lang='lat' dir='ltr'>et</span> 
     </span>
     <span class='ocr_line' id='line_1_41' title="bbox 99 2611 1605 2667; baseline 0 -16"><span class='ocrx_word' id='word_1_439' title='bbox 99 2611 233 2652; x_wconf 84' lang='lat' dir='ltr'>crofto</span> <span class='ocrx_word' id='word_1_440' title='bbox 255 2627 262 2651; x_wconf 93' lang='lat'>:</span> <span class='ocrx_word' id='word_1_441' title='bbox 293 2611 618 2652; x_wconf 89' lang='lat' dir='ltr'>Concessionem</span> <span class='ocrx_word' id='word_1_442' title='bbox 639 2612 824 2666; x_wconf 85' lang='lat' dir='ltr'>insuper,</span> <span class='ocrx_word' id='word_1_443' title='bbox 847 2645 854 2653; x_wconf 91' lang='lat'><em>.</em></span> <span class='ocrx_word' id='word_1_444' title='bbox 878 2647 885 2653; x_wconf 96' lang='lat'>.</span> <span class='ocrx_word' id='word_1_445' title='bbox 908 2645 916 2653; x_wconf 90' lang='lat'><strong>.</strong></span> <span class='ocrx_word' id='word_1_446' title='bbox 940 2617 982 2653; x_wconf 92' lang='lat' dir='ltr'>et</span> <span class='ocrx_word' id='word_1_447' title='bbox 998 2613 1186 2667; x_wconf 86' lang='lat' dir='ltr'>quietam</span> <span class='ocrx_word' id='word_1_448' title='bbox 1204 2613 1482 2654; x_wconf 83' lang='lat' dir='ltr'>clamanciam</span> <span class='ocrx_word' id='word_1_449' title='bbox 1500 2625 1605 2665; x_wconf 87' lang='lat' dir='ltr'>quas</span> 
     </span>
     <span class='ocr_line' id='line_1_42' title="bbox 98 2668 1605 2712; baseline 0.001 -4"><span class='ocrx_word' id='word_1_450' title='bbox 98 2668 316 2710; x_wconf 88' lang='lat' dir='ltr'>Walterus</span> <span class='ocrx_word' id='word_1_451' title='bbox 347 2669 461 2710; x_wconf 88' lang='lat' dir='ltr'>filius</span> <span class='ocrx_word' id='word_1_452' title='bbox 493 2669 671 2711; x_wconf 89' lang='lat' dir='ltr'>Henrici</span> <span class='ocrx_word' id='word_1_453' title='bbox 703 2671 754 2711; x_wconf 86' lang='lat' dir='ltr'>de</span> <span class='ocrx_word' id='word_1_454' title='bbox 786 2671 1022 2711; x_wconf 87' lang='lat' dir='ltr'>Folketona</span> <span class='ocrx_word' id='word_1_455' title='bbox 1053 2704 1060 2711; x_wconf 97' lang='lat'>.</span> <span class='ocrx_word' id='word_1_456' title='bbox 1094 2705 1101 2712; x_wconf 92' lang='lat'>.</span> <span class='ocrx_word' id='word_1_457' title='bbox 1134 2705 1141 2712; x_wconf 91' lang='lat'>.</span> <span class='ocrx_word' id='word_1_458' title='bbox 1175 2671 1277 2712; x_wconf 85' lang='lat' dir='ltr'>fecit</span> <span class='ocrx_word' id='word_1_459' title='bbox 1307 2671 1399 2711; x_wconf 91' lang='lat' dir='ltr'>Deo</span> <span class='ocrx_word' id='word_1_460' title='bbox 1433 2700 1440 2708; x_wconf 93' lang='lat'><strong>.</strong></span> <span class='ocrx_word' id='word_1_461' title='bbox 1472 2703 1479 2710; x_wconf 88' lang='lat'><strong><em>.</em></strong></span> <span class='ocrx_word' id='word_1_462' title='bbox 1514 2703 1520 2709; x_wconf 92' lang='lat'><em>.</em></span> <span class='ocrx_word' id='word_1_463' title='bbox 1555 2669 1605 2710; x_wconf 87' lang='lat' dir='ltr'>de</span> 
     </span>
     <span class='ocr_line' id='line_1_43' title="bbox 99 2726 1605 2782; baseline 0 -16"><span class='ocrx_word' id='word_1_464' title='bbox 99 2726 283 2778; x_wconf 88' lang='lat' dir='ltr'>quodam</span> <span class='ocrx_word' id='word_1_465' title='bbox 314 2727 423 2767; x_wconf 81' lang='lat' dir='ltr'>tofto</span> <span class='ocrx_word' id='word_1_466' title='bbox 454 2741 550 2768; x_wconf 90' lang='lat' dir='ltr'>cum</span> <span class='ocrx_word' id='word_1_467' title='bbox 593 2728 738 2778; x_wconf 84' lang='lat' dir='ltr'>crofto,</span> <span class='ocrx_word' id='word_1_468' title='bbox 770 2742 867 2769; x_wconf 90' lang='lat' dir='ltr'>cum</span> <span class='ocrx_word' id='word_1_469' title='bbox 898 2728 1185 2782; x_wconf 86' lang='lat' dir='ltr'>pertinenciis,</span> <span class='ocrx_word' id='word_1_470' title='bbox 1216 2729 1261 2769; x_wconf 92' lang='lat' dir='ltr'>in</span> <span class='ocrx_word' id='word_1_471' title='bbox 1295 2728 1440 2769; x_wconf 83' lang='lat' dir='ltr'>eadem</span> <span class='ocrx_word' id='word_1_472' title='bbox 1478 2727 1605 2767; x_wconf 86' lang='lat' dir='ltr'>villa:</span> 
     </span>
     <span class='ocr_line' id='line_1_44' title="bbox 97 2784 1604 2839; baseline 0.001 -16"><span class='ocrx_word' id='word_1_473' title='bbox 97 2784 383 2825; x_wconf 84' lang='lat' dir='ltr'>Donationem</span> <span class='ocrx_word' id='word_1_474' title='bbox 414 2818 421 2825; x_wconf 96' lang='lat'>.</span> <span class='ocrx_word' id='word_1_475' title='bbox 455 2818 463 2826; x_wconf 89' lang='lat'><strong><em>.</em></strong></span> <span class='ocrx_word' id='word_1_476' title='bbox 495 2819 503 2826; x_wconf 92' lang='lat'><em>.</em></span> <span class='ocrx_word' id='word_1_477' title='bbox 537 2799 642 2839; x_wconf 87' lang='lat' dir='ltr'>quas</span> <span class='ocrx_word' id='word_1_478' title='bbox 664 2786 897 2827; x_wconf 84' lang='lat' dir='ltr'>Gaufridus</span> <span class='ocrx_word' id='word_1_479' title='bbox 919 2786 1032 2827; x_wconf 90' lang='lat' dir='ltr'>filius</span> <span class='ocrx_word' id='word_1_480' title='bbox 1064 2787 1239 2827; x_wconf 86' lang='lat' dir='ltr'>Roberti</span> <span class='ocrx_word' id='word_1_481' title='bbox 1271 2786 1400 2826; x_wconf 81' lang='lat' dir='ltr'>Heriz</span> <span class='ocrx_word' id='word_1_482' title='bbox 1433 2785 1483 2825; x_wconf 82' lang='lat' dir='ltr'>de</span> <span class='ocrx_word' id='word_1_483' title='bbox 1514 2785 1604 2824; x_wconf 89' lang='lat' dir='ltr'>An-</span> 
     </span>
     <span class='ocr_line' id='line_1_45' title="bbox 95 2842 1604 2895; baseline 0.001 -14"><span class='ocrx_word' id='word_1_484' title='bbox 95 2842 251 2895; x_wconf 85' lang='lat' dir='ltr'>goteby</span> <span class='ocrx_word' id='word_1_485' title='bbox 281 2876 288 2884; x_wconf 92' lang='lat'><strong><em>.</em></strong></span> <span class='ocrx_word' id='word_1_486' title='bbox 323 2875 332 2884; x_wconf 91' lang='lat'><strong>.</strong></span> <span class='ocrx_word' id='word_1_487' title='bbox 366 2876 373 2884; x_wconf 91' lang='lat'><strong>.</strong></span> <span class='ocrx_word' id='word_1_488' title='bbox 406 2843 508 2884; x_wconf 87' lang='lat' dir='ltr'>fecit</span> <span class='ocrx_word' id='word_1_489' title='bbox 529 2843 621 2884; x_wconf 84' lang='lat' dir='ltr'>Deo</span> <span class='ocrx_word' id='word_1_490' title='bbox 651 2876 659 2884; x_wconf 93' lang='lat'><strong><em>.</em></strong></span> <span class='ocrx_word' id='word_1_491' title='bbox 691 2877 699 2884; x_wconf 94' lang='lat'>.</span> <span class='ocrx_word' id='word_1_492' title='bbox 732 2877 740 2885; x_wconf 94' lang='lat'><strong>.</strong></span> <span class='ocrx_word' id='word_1_493' title='bbox 774 2844 826 2885; x_wconf 90' lang='grc'>(10</span> <span class='ocrx_word' id='word_1_494' title='bbox 861 2858 947 2884; x_wconf 88' lang='lat' dir='ltr'>uno</span> <span class='ocrx_word' id='word_1_495' title='bbox 983 2845 1091 2885; x_wconf 89' lang='lat' dir='ltr'>tofto</span> <span class='ocrx_word' id='word_1_496' title='bbox 1127 2850 1170 2885; x_wconf 92' lang='lat' dir='ltr'>et</span> <span class='ocrx_word' id='word_1_497' title='bbox 1205 2858 1290 2884; x_wconf 88' lang='lat' dir='ltr'>uno</span> <span class='ocrx_word' id='word_1_498' title='bbox 1327 2843 1471 2891; x_wconf 79' lang='lat' dir='ltr'>orosto,</span> <span class='ocrx_word' id='word_1_499' title='bbox 1507 2856 1604 2882; x_wconf 88' lang='lat' dir='ltr'>cum</span> 
     </span>
    </p>
   </div>
   <div class='ocr_carea' id='block_1_3' title="bbox 510 2915 1202 2950">
    <p class='ocr_par' dir='ltr' id='par_1_3' title="bbox 510 2915 1202 2950">
     <span class='ocr_line' id='line_1_46' title="bbox 510 2915 1202 2950; baseline 0.001 -1"><span class='ocrx_word' id='word_1_500' title='bbox 510 2915 520 2935; x_wconf 90' lang='lat'>¹</span> <span class='ocrx_word' id='word_1_501' title='bbox 547 2916 594 2949; x_wconf 87' lang='lat' dir='ltr'>Or</span> <span class='ocrx_word' id='word_1_502' title='bbox 611 2916 816 2950; x_wconf 86' lang='lat' dir='ltr'>Baunleves.</span> <span class='ocrx_word' id='word_1_503' title='bbox 885 2917 948 2950; x_wconf 81' lang='lat' dir='ltr'>See</span> <span class='ocrx_word' id='word_1_504' title='bbox 965 2917 1031 2950; x_wconf 92' lang='lat' dir='ltr'>No.</span> <span class='ocrx_word' id='word_1_505' title='bbox 1053 2927 1202 2950; x_wconf 79' lang='lat' dir='ltr'>cccxxv.</span> 
     </span>
    </p>
   </div>
  </div>
 </body>
</html>
