2033 3242
335 214 419 252 290
771 217 1085 249 CARTULARIUM
1105 216 1409 246 R1EVALtnnsE.

338 339 499 380 porcos,
520 339 618 366 cum
649 324 915 365 nutrimento
945 322 1074 362 unius
1096 321 1223 362 anni:
1256 320 1583 362 Concessionem
1614 352 1623 360 .
1656 352 1664 360 .
1698 352 1707 360 .
1740 330 1847 371 quas

339 385 522 426 Thomas
552 383 605 424 de
636 382 869 435 Hastinges
901 414 910 422 .
942 414 949 422 .
982 412 992 421 .
1025 379 1127 420 fecit
1148 378 1308 419 Abbati
1328 382 1371 419 et
1392 377 1610 419 monachis
1631 375 1846 431 praedictis

339 443 393 484 de
413 442 484 483 via
504 441 618 482 ultra
638 446 795 481 terram
816 452 948 487 suam,
970 451 1066 491 quae
1086 441 1264 477 vocatur
1285 435 1543 485 Grenehille‚
1564 436 1610 476 in
1631 433 1845 475 territorio

340 501 394 541 de
414 500 667 552 Alvestayn,
690 497 742 538 ad
763 497 908 537 karros
940 500 982 536 et
1012 495 1206 535 karectas
1238 507 1336 534 suas
1367 499 1410 534 et
1440 494 1494 534 ad
1524 493 1728 534 animalia
1759 504 1847 538 sua,

341 558 522 612 singulis
553 556 677 597 annis
713 555 1031 608 imperpetuum
1066 566 1091 593 a
1122 552 1231 593 festo
1272 551 1528 592 Nativitatis
1561 552 1601 593 S.
1635 549 1848 592 Johannis

343 616 551 670 Baptistae
590 627 726 667 1156116
766 612 821 653 6(1
861 612 1020 652 festum
1061 610 1102 651 S.
1144 609 1372 650 Michaelis
1402 641 1410 651 .
1442 642 1451 650 .
1483 624 1519 650 .:
1560 608 1850 649 Donationem

343 708 352 716 .
467 706 476 714 .
529 685 634 725 quas
689 668 960 724 Torphinusl
1016 668 1069 709 de
1134 667 1360 708 Alvestein
1419 666 1522 707 fecit
1572 667 1666 708 Deo
1717 699 1725 708 .
1778 698 1788 706 .
1841 698 1850 706 .

347 732 399 773 de
440 730 665 771 duodecim
715 727 934 783 perticatis
975 730 1099 767 terrae
1135 726 1263 779 juxta
1303 724 1492 766 rivulum
1533 724 1585 766 de
1624 723 1851 765 Alvestein

344 789 400 830 ad
461 787 712 829 orientalem
762 789 927 840 partem
978 784 1169 838 ejusdem
1210 782 1354 833 rivuli,
1404 787 1447 823 et
1497 783 1549 824 de
1589 786 1679 823 toto
1729 786 1851 836 prato

349 846 595 900 subjacente
628 844 844 899 praediotae
884 848 1006 884 terrae
1046 855 1194 883 versus
1234 841 1548 891 Derewentam,
1588 854 1687 881 cum
1722 839 1853 893 perti-

349 905 540 946 nenciis:
570 902 861 944 Donat-ionem
892 934 901 943 .
936 934 946 943 .
980 933 989 942 .
1024 914 1130 954 quas
1171 899 1441 953 Torphinus1
1472 898 1525 939 de
1554 897 1780 939 Alvestein
1811 903 1854 938 et

347 962 515 1004 Alanus
531 961 645 1002 filius
664 961 754 1014 ejus
776 993 784 1001 .
809 993 816 1001 .
840 992 849 1001 .
873 959 1067 1000 fecerunt
1087 958 1180 998 Deo
1211 990 1221 999 .
1246 990 1254 998 .
1277 991 1285 998 .
1308 957 1360 998 de
1382 960 1556 1010 pastura
1576 956 1623 996 in
1644 955 1854 997 territorio

346 1021 400 1062 de
441 1019 665 1060 Alvestein
704 1018 759 1059 ad
789 1018 1045 1072 quingentas
1077 1029 1188 1065 oves,
1224 1015 1343 1055 intus
1384 1019 1428 1055 et
1469 1018 1601 1063 extra,
1642 1027 1772 1067 prope
1813 1017 1857 1053 et

352 1078 515 1133 procul,
555 1077 802 1130 ubicunque
842 1089 995 1129 pecora
1035 1088 1112 1115 sua
1163 1078 1206 1114 et
1245 1072 1471 1113 hominum
1513 1071 1704 1125 ejusdem
1744 1070 1860 1111 villae

349 1136 646 1191 pascebantur,
668 1139 711 1176 613
733 1134 784 1175 de
801 1134 937 1174 tribus
953 1132 1062 1173 acris
1084 1137 1218 1180 terrae,
1240 1145 1338 1171 cum
1360 1129 1647 1184 pertinenciis,
1671 1129 1718 1169 in
1738 1132 1858 1182 parte

349 1194 546 1236 orientali
567 1193 745 1234 culturae
767 1205 853 1233 suae
871 1191 922 1232 de
936 1191 1121 1231 Morhou
1142 1189 1196 1230 ad
1213 1189 1448 1229 bercariam
1461 1188 1693 1229 earundem
1710 1186 1857 1227 ovium

347 1251 632 1294 claudendam
654 1251 746 1304 sepi
770 1254 814 1291 et
834 1250 1003 1298 fossato,
1026 1253 1070 1289 et
1091 1247 1141 1288 de
1160 1247 1327 1288 duabus
1344 1248 1451 1287 acris
1468 1250 1591 1287 terrae
1612 1250 1655 1287 et
1670 1244 1860 1294 dimidia,

351 1325 449 1352 cum
469 1309 759 1364 pertinenciis,
794 1308 840 1348 in
875 1306 1105 1348 Wandaile
1142 1319 1219 1347 sua
1254 1305 1306 1346 de
1339 1304 1572 1353 Westdala,
1608 1307 1652 1345 et
1687 1303 1739 1344 de
1775 1316 1862 1343 una

349 1382 448 1409 acra
468 1368 592 1422 prati,
615 1381 712 1408 611111
743 1365 1032 1420 pertinenciis,
1063 1365 1110 1404 in
1140 1363 1320 1404 australi
1340 1367 1462 1416 parte
1492 1361 1698 1402 dominici
1719 1361 1787 1402 sui
1808 1360 1861 1401 de

351 1427 482 1467 Hella
503 1442 510 1467 :
532 1425 822 1466 Donationem
839 1457 846 1464 .
865 1457 872 1464 .
891 1458 898 1465 .
916 1436 1021 1476 quas
1036 1422 1277 1476 Torphinus
1290 1420 1304 1444 1
1320 1421 1372 1462 de
1385 1420 1611 1461 Alvestein
1625 1424 1668 1460 et
1682 1419 1864 1468 Alanus,

353 1485 468 1524 filius
490 1484 592 1537 ejus,
615 1488 657 1523 et
679 1481 875 1523 Matildis
897 1481 949 1521 de
971 1480 1148 1529 Fribois,
1170 1492 1277 1519 uxor
1298 1479 1402 1532 ejus,
1434 1511 1441 1520 .
1475 1511 1483 1520 .
1515 1511 1523 1519 .
1557 1479 1749 1519 fecerunt
1770 1477 1864 1517 Deo

353 1575 362 1584 .
394 1575 403 1584 .
437 1576 443 1583 .
477 1542 529 1582 de
550 1555 637 1581 una
659 1543 855 1581 carucata
885 1543 1019 1587 terrae,
1051 1552 1148 1578 611111
1179 1536 1466 1591 pertinenciis,
1486 1536 1533 1576 in
1564 1536 1800 1583 Alvestein,
1822 1538 1866 1575 et

355 1600 407 1641 (16
427 1604 602 1654 pastura
622 1599 675 1639 ad
698 1612 797 1638 oves
819 1598 1074 1651 quingentas
1094 1596 1140 1636 in
1157 1595 1370 1636 territorio
1391 1595 1583 1648 ejusdem
1599 1593 1727 1644 villae,
1747 1593 1866 1633 intus

354 1664 398 1700 et
430 1663 563 1710 extra,
585 1669 716 1711 prope
752 1659 795 1696 et
830 1654 989 1709 procul,
1025 1654 1270 1707 ubicunque
1304 1658 1394 1701 etc„
1430 1656 1473 1693 et
1505 1652 1557 1693 de
1592 1652 1730 1693 tribus
1758 1650 1867 1691 acris

355 1720 490 1764 terrae,
521 1729 620 1756 cum
661 1713 950 1768 pertinenciis,
981 1712 1027 1752 in
1067 1716 1188 1765 parte
1230 1710 1426 1752 orientali
1466 1710 1645 1750 culturae
1686 1723 1774 1750 suae
1814 1708 1867 1748 de

356 1774 541 1815 Morhou
564 1773 617 1813 ad
646 1772 879 1813 bercariam
910 1771 1100 1824 ipsorum
1131 1769 1435 1810 monachorum
1467 1767 1749 1809 claudendam
1777 1766 1869 1820 sepi

357 1836 401 1873 et
422 1832 593 1880 fossato,
608 1835 650 1871 et
672 1830 722 1870 de
740 1829 906 1870 duabus
923 1829 1030 1869 acris
1052 1832 1174 1869 terrae
1191 1831 1232 1867 et
1255 1826 1444 1875 dimidia,
1461 1839 1559 1866 cum
1581 1824 1869 1879 pertinenciis,

357 1891 404 1930 in
424 1889 656 1930 Wandaila
678 1901 754 1929 sua
776 1887 828 1928 de
849 1886 1082 1935 Westdala,
1104 1890 1147 1926 et
1169 1885 1221 1925 de
1242 1898 1329 1925 una
1349 1898 1446 1925 acra
1473 1883 1597 1938 prati,
1619 1897 1717 1924 cum
1739 1883 1868 1936 perti-

359 1948 535 1996 nenciis,
556 1947 602 1987 in
639 1945 819 1987 australi
853 1949 974 1998 parte
1008 1943 1213 1984 dominici
1244 1943 1434 1996 ipsorum
1457 1941 1627 1990 Torfini,
1663 1940 1795 1981 Alani
1827 1945 1871 1980 et

360 2006 570 2054 Matildis,
587 2005 639 2045 de
654 2003 809 2044 Hella:
834 2001 1124 2043 Donationem
1154 2034 1162 2042 .
1197 2035 1205 2043 .
1238 2033 1247 2042 .
1281 2014 1386 2054 quas
1402 2000 1611 2040 Robertus
1630 1999 1680 2039 de
1697 1997 1869 2039 Laceles

359 2098 368 2105 .
403 2097 410 2104 .
444 2097 451 2104 .
484 2064 587 2104 fecit
609 2063 702 2103 Deo
733 2095 742 2103 .
777 2095 784 2102 .
817 2094 825 2102 .
858 2061 910 2101 de
938 2065 1027 2101 toto
1061 2060 1218 2100 siketto
1252 2063 1295 2100 et
1327 2063 1417 2099 toto
1453 2061 1587 2111 prato,
1610 2071 1708 2098 cum
1740 2055 1869 2110 perti-

360 2122 535 2171 nenciis,
570 2121 616 2160 in
659 2119 885 2173 Bordelby,
916 2118 1029 2172 quod
1064 2118 1180 2171 jacet
1220 2117 1271 2158 de
1312 2115 1600 2157 Brunneclive
1640 2128 1777 2169 1156116
1818 2113 1870 2154 6(1

361 2183 537 2234 pontem
559 2179 611 2219 de
637 2177 793 2226 Fulsic,
824 2191 877 2218 ex
908 2181 1089 2230 utraque
1120 2179 1240 2229 parte
1272 2174 1431 2223 siketti,
1463 2188 1599 2227 1156116
1630 2172 1684 2213 6(1
1714 2177 1872 2213 terram

363 2251 484 2278 suam
506 2236 742 2285 arrabilem,
764 2249 839 2289 per
860 2238 995 2275 metas
1017 2238 1060 2275 et
1080 2233 1246 2274 bundas
1269 2232 1429 2273 ibidem
1451 2232 1623 2286 positas,
1645 2235 1688 2271 et
1709 2230 1760 2271 de
1782 2233 1874 2270 tota

363 2299 475 2336 terra
496 2299 539 2335 et
575 2298 697 2347 prato
731 2293 783 2335 de
819 2297 950 2347 ponte
984 2292 1036 2333 de
1057 2293 1092 2332 F
1095 2291 1203 2332 ulsic
1235 2291 1444 2340 deorsum,
1467 2303 1564 2330 cum
1585 2288 1873 2343 pertinenciis,

363 2366 510 2394 versus
533 2351 809 2401 occidentem,
840 2351 952 2391 sicut
982 2363 1093 2404 aqua
1124 2349 1318 2390 currebat
1349 2352 1391 2389 et
1423 2347 1707 2389 descendebat
1737 2358 1873 2399 1156116

364 2411 411 2451 111
433 2411 640 2451 fossatum
662 2409 798 2462 ipsius
826 2409 1024 2449 Roberti:
1055 2407 1344 2448 Donationem
1375 2439 1384 2447 .
1417 2438 1426 2447 .
1458 2439 1466 2448 .
1498 2419 1604 2459 quas
1627 2404 1874 2446 Osmundus

365 2469 419 2510 de
462 2467 693 2509 Stutevilla
723 2499 732 2508 .
765 2500 773 2508 .
807 2499 815 2508 .
848 2466 952 2507 fecit
983 2466 1077 2507 Deo
1107 2498 1116 2506 .
1149 2498 1158 2507 .
1189 2497 1197 2506 .
1231 2465 1283 2505 de
1323 2464 1393 2504 via
1435 2464 1487 2505 de
1528 2462 1724 2515 Causeby
1763 2462 1875 2502 infra

368 2526 518 2567 villam
539 2529 583 2566 et
613 2528 745 2574 extra,
777 2529 988 2578 quantum
1020 2523 1280 2564 territorium
1313 2522 1505 2576 ejusdem
1535 2521 1650 2561 villae
1676 2520 1810 2568 durat,
1832 2523 1875 2560 et

369 2583 625 2625 nominatim
656 2582 707 2623 de
739 2582 814 2623 illa
845 2582 916 2622 via
947 2595 1076 2635 quam
1107 2581 1190 2635 ipsi
1221 2581 1415 2621 fecerunt
1444 2580 1490 2620 in
1521 2583 1711 2633 tempore
1742 2576 1875 2631 patris

369 2642 506 2696 ipsius
557 2640 781 2689 Osmundi,
823 2640 876 2680 ad
927 2639 1176 2680 orientalem
1225 2643 1392 2692 partem
1433 2637 1624 2691 ejusdem
1664 2635 1780 2676 villae
1829 2634 1875 2674 in

369 2713 548 2740 ascensu
568 2698 740 2747 montis,
760 2697 972 2738 utendum
1007 2697 1139 2738 libere
1176 2696 1259 2738 sibi
1290 2700 1332 2737 et
1353 2695 1554 2736 fratribus
1577 2694 1665 2735 suis
1687 2697 1730 2734 613
1751 2691 1877 2733 servi-

371 2758 542 2799 entibus
565 2761 608 2798 et
628 2756 804 2797 carectis
826 2759 869 2795 et
890 2755 1133 2795 summariis
1155 2759 1198 2796 et
1228 2753 1487 2795 animalibus
1518 2757 1561 2793 et
1591 2751 1746 2793 averiis
1776 2749 1877 2799 suis,

370 2815 490 2857 omni
519 2820 721 2869 tempore,
742 2816 953 2867 quantum
983 2817 1096 2853 terra
1126 2812 1179 2854 de
1211 2812 1407 2865 Causeby
1428 2811 1565 2860 durat,
1586 2810 1698 2851 infra
1727 2807 1877 2849 villam

723 2887 732 2906 ]
762 2887 918 2919 Written
934 2887 1140 2928 Scorphinus
1156 2886 1192 2918 in
1207 2886 1256 2919 all
1272 2885 1371 2918 three
1386 2885 1512 2927 places.
