2033 3242
351 239 433 277 324
785 247 1100 278 CARTULARIUM
1121 247 1426 278 RIEVALLENSE.

352 351 553 393 dominiis
574 352 863 406 adjacentium
894 352 940 392 in
963 352 1078 394 Com.
1095 351 1232 401 Ebor.,
1253 365 1351 392 cum
1382 352 1472 394 suis
1502 351 1787 406 pertinentiis,
1808 351 1864 393 ad

351 409 398 450 xl
411 423 441 451 s.
464 424 540 464 per
560 423 736 459 annum,
757 410 1020 450 Habendum
1041 413 1084 450 et
1103 409 1340 450 tenendum
1361 410 1654 451 omnimodum
1675 410 1864 451 officium

351 468 539 522 praefatis
581 468 769 509 Henrico
811 472 854 509 et
894 467 1074 508 Ricardo
1116 467 1353 508 successive
1394 468 1448 508 ad
1487 469 1722 509 terminum
1761 468 1864 509 vitae

352 539 510 575 eorum,
541 539 616 567 seu
647 525 823 566 alterius
854 525 1017 566 diutius
1049 524 1247 566 viventis.
1319 525 1376 566 Et
1407 526 1611 579 praefatus
1649 526 1864 567 Henricus

351 584 557 638 percipiet
579 587 621 625 et
641 583 816 625 habebit
837 584 1061 624 annuatim
1083 582 1134 624 de
1155 583 1359 637 praedicto
1379 583 1550 625 Abbate
1572 588 1615 625 et
1636 584 1864 626 Conventa

352 646 394 683 et
415 641 728 682 successoribus
760 641 848 682 suis
879 642 924 682 iv
945 641 1160 695 quarteria
1191 645 1234 682 et
1255 641 1361 682 duos
1391 642 1554 683 modios
1575 642 1794 691 frumenti,
1815 655 1864 683 ac

352 699 437 740 duo
472 699 689 753 quarteria
729 704 772 740 et
813 699 1041 740 dimidium
1074 699 1270 753 siliginis,
1312 713 1479 741 necnon
1518 700 1665 741 decem
1705 700 1863 741 solidos

352 757 588 807 annuatim,
605 761 648 798 et
663 761 750 798 tres
772 771 890 798 acras
912 758 1036 811 prati,
1053 771 1150 798 cum
1172 771 1258 798 uno
1280 757 1381 811 pike
1395 757 1409 781 1
1430 758 1544 812 prati
1557 757 1604 798 in
1619 758 1864 806 Welborne,

351 829 426 869 pro
448 815 571 856 feodo
593 819 636 856 et
667 815 882 869 stipendio
913 829 1001 864 suo,
1022 819 1149 869 prout
1170 815 1307 856 officio
1329 815 1434 856 dicti
1467 815 1608 857 Officii
1638 816 1864 857 annuatim

350 873 565 927 percipere
588 878 631 914 et
651 873 806 914 habere
827 878 1081 914 consuetum
1102 874 1253 915 fuerat.
1313 873 1370 914 Et
1390 878 1487 927 post
1508 873 1728 915 decessum
1757 887 1865 928 prae-

350 931 456 972 dicti
476 931 656 973 Henrici
676 932 907 985 praedictus
937 931 1146 973 Ricardus
1177 931 1352 972 Walker
1380 931 1587 985 percipiet
1617 936 1660 973 et
1689 931 1866 973 habebit

351 990 586 1039 annuatim,
608 989 788 1031 durante
818 989 909 1030 vita
939 1003 1027 1039 sua,
1058 989 1110 1031 de
1139 989 1344 1043 praedicto
1373 989 1544 1031 Abbate
1575 992 1619 1031 et
1640 989 1865 1031 Conventu

351 1051 393 1088 et
415 1048 729 1088 successoribus
752 1047 851 1098 suis,
873 1061 949 1101 pro
980 1047 1102 1089 feodo
1133 1051 1176 1088 et
1206 1047 1421 1101 stipendio
1443 1061 1531 1097 suo,
1553 1047 1599 1088 in
1619 1061 1863 1101 recompen-

350 1105 559 1146 sationem
581 1111 623 1147 et
644 1105 978 1147 satisfactionem
999 1119 1076 1160 pro
1092 1105 1295 1160 praedicto
1308 1105 1446 1155 blado,
1462 1105 1588 1146 modo
1609 1119 1685 1159 per
1701 1105 1865 1146 dictum

352 1164 590 1205 Henricum
621 1168 831 1218 percepto,
853 1164 1009 1218 viginti
1039 1169 1083 1204 et
1117 1168 1280 1217 septem
1311 1163 1468 1204 solidos
1499 1163 1648 1218 legalis
1682 1168 1866 1204 monetae

350 1221 521 1275 Angliae
553 1222 605 1263 de
642 1222 775 1263 firmis
812 1227 855 1263 et
891 1222 1078 1263 exitibus
1112 1221 1292 1262 dominii
1332 1221 1536 1275 praedicti,
1573 1221 1626 1262 ad
1661 1221 1866 1262 terminos

350 1280 534 1321 usuales.
607 1279 674 1321 Ac
711 1281 841 1321 etiam
874 1280 1104 1333 praedictus
1145 1279 1366 1329 Ricardus,
1401 1283 1498 1334 post
1538 1283 1719 1320 mortem
1759 1279 1867 1320 dicti

351 1338 542 1387 Henrici‚
572 1337 748 1379 habebit
778 1338 833 1379 ad
865 1339 1097 1379 terminum
1127 1338 1229 1379 vitae
1258 1337 1393 1391 ipsius
1425 1338 1611 1388 Ricardi,
1631 1337 1867 1387 annuatim,

351 1395 498 1437 decem
518 1395 686 1437 solidos.
747 1396 939 1437 Habebit
962 1397 1092 1437 etiam
1113 1396 1254 1437 dictus
1271 1396 1479 1437 Ricardus
1495 1399 1580 1437 tres
1602 1409 1720 1437 acras
1741 1395 1866 1450 prati,

350 1467 448 1495 cum
470 1468 556 1495 uno
577 1454 678 1508 pike
700 1455 812 1508 prati
837 1454 883 1494 in
914 1454 1145 1495 Welborne
1176 1453 1390 1508 praedicto.
1450 1454 1507 1495 Et
1539 1453 1670 1495 etiam
1700 1453 1867 1508 praefati

351 1512 566 1553 Henricus
598 1517 641 1553 et
672 1512 892 1561 Ricardus,
913 1526 1025 1553 unus
1057 1516 1153 1565 post
1184 1512 1378 1561 alterum,
1408 1512 1586 1566 recipiet
1617 1516 1660 1553 et
1689 1511 1866 1553 habebit

350 1570 575 1611 annuatim
606 1584 753 1611 omnes
784 1570 955 1611 arbores
986 1575 1030 1611 et
1059 1584 1198 1611 ramos
1234 1571 1434 1611 arborum
1464 1573 1594 1611 vento
1630 1574 1865 1624 prostratos

350 1628 462 1669 infra
483 1628 648 1669 dictum
673 1628 861 1669 officium
895 1642 1021 1669 suum
1043 1628 1251 1682 quamdiu
1285 1628 1395 1669 illud
1431 1632 1620 1682 occupat.
1682 1628 1740 1668 Et
1767 1641 1866 1669 cum

350 1687 517 1740 praefati
539 1686 746 1740 Religiosi
766 1686 849 1727 viri
871 1686 966 1727 aliis
989 1687 1273 1727 servientibus
1290 1686 1378 1727 suis
1396 1699 1493 1740 erga
1514 1686 1674 1727 festum
1695 1685 1865 1727 Natalis

351 1744 531 1785 Domini
565 1743 823 1798 provident2
858 1758 1050 1798 pannum
1082 1758 1159 1797 pro
1192 1744 1302 1798 togis
1334 1744 1415 1785 sibi
1447 1744 1611 1793 fiendis,
1641 1748 1746 1785 tunc
1783 1743 1867 1798 ipsi

351 1802 557 1856 Religiosi
588 1802 754 1843 dabunt
784 1807 874 1843 tam
906 1802 1019 1843 dicto
1050 1802 1251 1852 Henrico,
1282 1802 1464 1843 durante
1494 1802 1585 1842 vita
1616 1815 1704 1850 sua,
1736 1815 1867 1856 quam

351 1861 528 1914 praefato
557 1860 753 1910 Ricardo‚
784 1860 964 1901 durante
995 1860 1086 1901 vita
1116 1874 1204 1910 sua,
1235 1860 1423 1901 officium
1453 1859 1708 1914 praedictum
1744 1873 1867 1900 occu-

351 1919 486 1972 panti,
507 1923 820 1972 competentem
851 1932 1044 1972 pannum
1075 1918 1126 1959 de
1148 1918 1295 1959 eadem
1327 1922 1442 1959 secta
1473 1917 1588 1958 unde
1609 1917 1692 1958 sibi
1722 1922 1866 1972 togam

352 1977 444 2017 fieri
466 1976 606 2019 faciat.
666 1978 732 2018 Ac
752 1977 861 2018 bene
892 1977 1038 2017 licebit
1069 1976 1284 2030 praedictis
1316 1975 1503 2017 Henrico
1535 1980 1578 2017 et
1609 1975 1802 2024 Ricardo,
1824 1980 1867 2016 et

353 2048 500 2076 eorum
522 2035 707 2088 utrique,
728 2048 878 2088 capere
899 2035 1075 2075 boscum
1097 2035 1263 2075 aridum
1285 2038 1327 2075 et
1349 2034 1510 2075 siccum
1531 2034 1576 2074 in
1597 2033 1736 2074 boscis
1757 2047 1864 2087 prae-

354 2092 479 2133 dictis
500 2107 574 2147 pro
590 2093 716 2134 focali
732 2107 818 2142 suo,
837 2093 890 2133 ad
907 2106 1033 2133 usum
1050 2106 1176 2133 suum
1196 2092 1428 2146 proprium,
1444 2096 1534 2132 tam
1555 2091 1608 2132 ad
1629 2091 1866 2132 ardendum

355 2164 483 2204 quam
514 2165 589 2204 pro
611 2151 855 2191 defensione
887 2164 964 2191 sua
994 2150 1094 2191 inde
1125 2150 1321 2191 facienda
1351 2154 1394 2191 et
1425 2149 1717 2198 sustentanda,
1739 2154 1867 2203 prout

353 2209 400 2249 in
421 2209 605 2262 quadam
627 2209 855 2249 indentura
886 2208 1046 2249 eisdem
1078 2209 1264 2249 Henrico
1296 2213 1339 2249 et
1369 2208 1549 2249 Ricardo
1580 2207 1632 2248 de
1662 2207 1867 2262 graungia

354 2271 504 2307 vocata
527 2267 675 2307 Lunde
699 2267 814 2315 Cote,
835 2267 948 2307 inter
963 2266 1048 2307 alia
1064 2267 1269 2316 confecta,
1283 2266 1382 2307 data
1400 2266 1478 2306 sub
1496 2265 1636 2320 sigillo
1650 2265 1866 2306 communi

354 2324 459 2365 dicti
489 2338 626 2378 nuper
657 2324 912 2365 Monasterii
942 2324 994 2365 de
1026 2324 1243 2378 Ryevalle,
1274 2324 1427 2365 ultimo
1459 2324 1527 2364 die
1559 2323 1754 2364 Octobris
1784 2334 1866 2364 ΑΛ).

1147 2439 1332 2472 otherwise
1342 2442 1435 2471 most
1448 2439 1609 2472 valuable
1622 2439 1725 2472 book.
1755 2439 1868 2471 What

1148 2484 1177 2515 is
1215 2483 1387 2515 intended
1425 2483 1455 2515 is
1486 2494 1506 2514 a
1536 2483 1629 2515 nook
1668 2493 1707 2514 or
1745 2493 1868 2514 corner

403 2439 412 2458 ¹
436 2439 521 2471 This
537 2439 566 2470 is
589 2449 610 2470 a
634 2439 730 2470 word
753 2439 789 2471 of
814 2439 862 2480 by
878 2450 924 2471 no
948 2450 1069 2471 means

357 2483 458 2515 usual
484 2493 713 2521 occurrence;
737 2482 864 2514 indeed
892 2483 911 2515 I
936 2483 981 2514 do
1008 2487 1071 2515 not

358 2526 551 2558 remember
568 2526 699 2567 having
714 2529 787 2558 met
804 2526 891 2557 with
908 2527 938 2558 it
954 2526 1071 2558 before

359 2571 395 2601 in
422 2580 492 2611 any
520 2569 708 2601 document
733 2569 769 2601 of
798 2570 859 2601 the
887 2572 1014 2601 nature
1037 2570 1073 2602 of

359 2613 421 2645 the
437 2615 579 2655 present
594 2612 745 2644 records.
795 2613 870 2644 The
893 2614 1070 2655 meaning,

359 2657 534 2695 however,
562 2656 591 2687 is
619 2655 666 2697 by
691 2667 736 2687 no
763 2667 882 2687 means
914 2657 1070 2689 obscure.

359 2700 539 2732 Halliwell
549 2700 645 2741 gives
662 2699 722 2730 the
733 2699 830 2730 word
848 2700 973 2739 Pmns,
986 2701 1074 2732 with

360 2744 421 2776 the
444 2743 640 2781 definition,
671 2742 815 2774 “Short
841 2743 941 2774 butts
959 2743 1074 2775 which

359 2787 410 2818 fill
441 2798 489 2828 up
520 2787 581 2818 the
611 2786 838 2827 irregularity
869 2787 996 2818 caused
1026 2787 1075 2828 by

360 2830 489 2872 hedges
513 2833 575 2862 not
597 2830 751 2870 running
774 2829 956 2870 parallel,'’
972 2840 993 2862 a
1016 2830 1072 2861 de-

359 2874 502 2906 finition
532 2884 570 2905 as
607 2873 833 2915 perspicuous
864 2883 901 2903 as
932 2883 953 2905 a
982 2873 1073 2915 good

360 2928 466 2958 many
497 2917 616 2948 others
647 2916 764 2947 which
795 2915 962 2957 disfigure
993 2917 1073 2948 that

1148 2527 1353 2558 occasioned
1391 2526 1439 2568 by
1470 2527 1531 2558 the
1563 2536 1798 2568 convergence
1831 2525 1869 2557 of

1149 2573 1221 2602 two
1251 2570 1368 2602 fences
1400 2571 1452 2609 (or
1483 2570 1585 2601 other
1622 2569 1862 2608 boundaries)‚

1149 2614 1219 2646 and
1236 2614 1367 2655 having
1382 2624 1401 2645 a
1418 2623 1514 2645 more
1530 2624 1569 2645 or
1584 2613 1653 2644 less
1669 2612 1868 2655 triangular

1151 2658 1257 2699 shape
1282 2658 1317 2688 in
1341 2667 1578 2698 consequence
1594 2656 1630 2688 of
1653 2657 1700 2688 its
1717 2667 1812 2688 more
1828 2666 1866 2688 or

1151 2701 1219 2732 less
1263 2700 1407 2732 definite
1446 2711 1631 2732 severance
1678 2700 1769 2731 from
1805 2699 1866 2731 the

1151 2743 1296 2785 parallel
1313 2744 1399 2785 slips
1415 2743 1491 2775 into
1507 2743 1623 2775 which
1640 2743 1701 2774 the
1718 2742 1863 2774 remain-

1151 2788 1211 2829 ing
1227 2787 1314 2818 bulk
1330 2787 1366 2819 of
1382 2787 1443 2818 the
1459 2786 1638 2818 enclosure
1654 2786 1682 2818 is
1706 2785 1860 2817 divided.

1193 2873 1206 2892 2
1229 2873 1313 2905 This
1330 2874 1443 2905 entire
1459 2876 1562 2915 entry
1578 2873 1607 2905 is
1624 2872 1659 2905 of
1682 2882 1768 2913 very
1785 2881 1862 2904 con·

1150 2917 1324 2948 siderable
1341 2917 1497 2948 interest.
