2033 3242
756 300 986 330 APPENDIX.
1548 296 1569 332 3
1576 296 1597 332 9
1606 296 1626 332 9

117 403 293 454 partem1
322 402 604 454 praedictorum
642 403 959 442 Monachorum:
997 403 1059 442 De
1093 404 1198 443 dono
1229 403 1389 442 Radulfi
1425 404 1542 444 Stute
1580 406 1629 445 de

118 457 410 507 Scartheburge
440 463 481 495 613
514 457 712 505 Gunildae,
748 459 884 496 uxoris
923 458 1022 509 ejus,
1058 462 1185 496 totam
1219 458 1328 496 illam
1364 464 1510 497 terram
1539 473 1629 498 cum

117 510 293 549 aedificiis
331 511 603 561 superpositis,
645 525 765 562 quam
803 511 926 550 iidem
959 512 1158 550 Radulfus
1197 517 1237 550 et
1271 512 1448 550 Gunilda
1486 513 1631 552 habue-

116 570 213 603 runt
241 565 282 602 in
312 564 408 602 villa
436 565 485 603 de
506 564 779 616 Scardeburge
799 565 841 603 in
862 565 1095 616 Cartergate
1123 566 1242 616 juxta
1270 579 1403 604 mare:
1432 567 1493 605 De
1523 568 1629 607 dono

117 618 309 656 Willelmi
339 618 409 656 filii
432 618 592 656 Ricardi
620 619 657 658 le
679 619 929 657 VVaterleder
948 620 997 658 de
1018 620 1291 671 Scardeburge
1320 628 1447 659 totam
1469 627 1627 669 terram,

117 686 207 710 eum
237 672 421 711 omnibus
450 673 707 722 pertinenciis
731 673 823 721 suis,
847 686 933 723 quae
954 674 1156 724 quondam
1176 674 1254 712 fuit
1274 675 1453 724 capitalis
1477 675 1630 713 mansio

115 726 241 777 ipsius
264 726 454 764 Willelmi
483 727 557 765 sub
579 727 694 765 Clivo
723 727 771 765 de
793 727 1077 779 Scardeburge,
1108 734 1148 766 et
1177 735 1304 766 totam
1333 735 1480 766 terram
1510 742 1631 780 quam

115 780 223 818 idem
243 780 470 818 Willelmus
495 781 628 819 tenuit
656 781 697 818 in
727 780 845 819 feodo
875 781 1026 820 Emmae
1055 781 1144 820 filiae
1175 782 1377 824 Willelmi,
1409 796 1497 832 quae
1525 784 1632 833 jacet

115 835 222 872 inter
241 834 473 885 praedictam
502 834 711 885 capitalem
741 834 987 873 mansionem
1016 841 1057 873 et
1085 841 1231 873 terram
1252 849 1340 886 quae
1360 836 1438 874 fuit
1458 837 1631 875 Gilberti

116 888 236 926 Fabri
256 889 298 926 in
328 888 467 926 eadem
487 888 605 928 villa:
639 888 701 927 De
722 889 828 927 dono
849 888 1021 928 Gilberti
1041 889 1228 927 Hansard
1248 890 1505 928 medietatem
1526 891 1631 929 villae

116 955 205 993 quae
233 942 466 980 nominatur
493 942 826 993 Angrum—scil.,
858 956 980 981 unam
1011 949 1235 981 carucatam
1265 952 1379 982 terrae
1401 958 1450 982 ex
1477 945 1631 984 duabus

116 997 457 1035 carucatisterrae
486 1010 584 1046 quas
613 996 719 1034 idem
740 996 946 1035 Gilbertus
974 997 1124 1036 ibidem
1154 997 1305 1044 habuit,
1328 1011 1418 1036 cum
1447 999 1561 1037 tostis
1592 1004 1632 1037 et

116 1050 254 1088 croftis
283 1055 324 1088 et
352 1050 536 1088 omnibus
566 1050 652 1088 aliis
682 1050 799 1088 rebus
833 1050 882 1088 ad
918 1051 1085 1089 eandem
1115 1058 1338 1089 carucatam
1369 1058 1484 1091 terrae
1513 1053 1632 1103 perti-

116 1104 329 1142 nentibus:
360 1104 421 1142 De
442 1104 548 1142 dono
568 1104 748 1154 ejusdem
770 1104 942 1143 Gilberti
961 1105 1070 1142 illam
1091 1111 1314 1143 carucatam
1336 1113 1451 1144 terrae
1472 1108 1512 1144 in
1528 1107 1633 1145 Mor-

117 1165 224 1205 tona,
248 1171 337 1196 cum
366 1158 550 1196 omnibus
579 1159 834 1209 pertinenciis
863 1159 944 1196 suis
974 1164 1014 1197 et
1042 1158 1296 1197 libertatibus
1325 1166 1366 1197 et
1389 1161 1632 1199 aisiamentis

117 1212 276 1262 ubique,
299 1211 404 1250 infra
424 1212 561 1249 villam
590 1219 630 1250 et
660 1218 784 1260 extra,
813 1226 932 1263 quam
953 1212 1074 1263 Hugo
1103 1213 1305 1263 quondam
1334 1213 1518 1252 Dunelm.
1543 1215 1633 1266 Epi-

117 1279 259 1316 scopus
280 1266 429 1304 eisdem
449 1265 658 1304 Monachis
678 1266 791 1304 dedit
810 1267 852 1304 in
872 1267 1112 1305 escambium
1134 1267 1311 1317 quinque
1331 1268 1568 1306 bovatarum
1594 1274 1633 1307 et

117 1319 288 1358 duarum
319 1333 498 1357 acrarum
518 1325 634 1358 terrae
655 1325 696 1358 et
715 1321 832 1358 unius
860 1320 983 1358 curtis
1005 1326 1044 1358 et
1064 1320 1182 1358 unius
1203 1321 1366 1371 virgulti
1388 1322 1426 1358 in
1458 1322 1554 1359 vita
1583 1322 1632 1361 de

117 1373 331 1424 Welberge
350 1390 356 1412 :
387 1373 447 1411 De
463 1373 568 1412 dono
586 1374 770 1425 Hugonis
785 1374 853 1411 filii
869 1373 1029 1412 Radulfi
1050 1374 1099 1412 de
1116 1374 1336 1425 Huckerby
1352 1375 1451 1413 duas
1467 1376 1632 1414 bovatas

117 1431 235 1466 terrae
265 1428 307 1465 in
340 1427 523 1478 Angrum
557 1441 645 1478 quae
673 1428 808 1478 jacent
841 1428 1145 1479 propinquiores
1175 1428 1253 1466 illis
1287 1428 1443 1467 duabus
1477 1430 1633 1468 bovatis

118 1486 236 1520 terrae
256 1495 393 1519 versus
425 1481 548 1520 solem
576 1495 674 1532 quas
704 1481 801 1520 dicti
830 1481 1019 1520 Monachi
1048 1482 1198 1520 habent
1227 1496 1277 1521 ex
1307 1483 1384 1520 alia
1417 1483 1632 1522 donatione

118 1535 243 1586 ipsius
264 1535 448 1586 Hugonis
469 1535 509 1572 in
531 1536 669 1573 eadem
690 1535 795 1582 villa,
818 1549 906 1574 cum
934 1536 1038 1573 tofto
1059 1542 1099 1573 et
1119 1536 1246 1574 crofto
1268 1543 1308 1575 et
1338 1550 1426 1575 cum
1448 1538 1632 1576 omnibus

119 1590 385 1639 pertinenciis,
408 1589 662 1627 libertatibus
683 1595 722 1627 et
742 1589 987 1627 aisiamentis
1017 1590 1146 1628 eidem
1166 1596 1282 1628 terrae
1313 1592 1605 1640 pertinentibus
1626 1608 1632 1630 :

118 1643 180 1682 De
201 1643 307 1681 dono
325 1643 515 1681 Beatricis
536 1643 625 1681 filiae
646 1643 792 1694 Rogeri
811 1643 860 1682 de
881 1643 1135 1694 Turstaneby
1157 1658 1275 1682 unam
1296 1645 1482 1683 bovatam
1505 1652 1630 1694 terrae,

118 1710 208 1735 cum
238 1697 505 1748 pertinenciis,
537 1697 577 1735 in
606 1697 809 1736 territorio
838 1697 887 1736 de
917 1697 1135 1748 Osgoteby,
1161 1711 1292 1748 quam,
1315 1699 1408 1746 scil„
1438 1700 1633 1750 Rogerus,

118 1757 233 1802 pater
263 1751 359 1800 ejus,
391 1751 488 1789 emit
518 1751 567 1789 de
588 1751 766 1790 Roberto
796 1751 844 1789 de
874 1751 1074 1801 Kaytona,
1107 1765 1196 1790 cum
1224 1753 1329 1790 tofto
1363 1760 1403 1791 et
1432 1756 1560 1792 crofto
1594 1760 1631 1792 et

118 1805 304 1844 omnibus
337 1805 424 1843 aliis
453 1805 736 1855 pertinenciis:
765 1805 827 1843 De
861 1805 967 1844 dono
1000 1805 1199 1844 <Iohannis
1233 1806 1281 1844 de
1312 1806 1566 1845 Middeltona
1595 1814 1631 1846 et

117 1859 258 1897 Aliciae
278 1860 414 1897 uxoris
443 1859 530 1909 ejus
556 1859 763 1897 dimidiam
793 1866 1017 1897 carucatam
1037 1866 1155 1898 terrae
1174 1860 1215 1897 in
1237 1860 1519 1909 Wimbeltona‚
1544 1875 1632 1899 cum

116 1913 232 1951 tostis
262 1920 301 1951 et
322 1913 468 1960 croftis,
492 1919 533 1951 et
562 1927 651 1951 cum
681 1913 864 1952 omnibus
889 1914 1157 1964 pertinenciiS,
1180 1914 1434 1952 libertatibus
1455 1921 1496 1952 et
1524 1916 1635 1954 aisia-

118 1967 265 2005 mentis
295 1967 424 2005 eidem
454 1973 569 2005 terrae
591 1967 893 2018 pertinentibus,
916 1981 1037 2018 quam
1067 1968 1281 2017 praedictus
1301 1968 1507 2007 johannes
1530 1970 1632 2020 cepit

117 2021 160 2059 in
189 2021 443 2072 marixagium
473 2035 561 2059 cum
590 2021 699 2059 dicta
726 2021 867 2068 Alicia,
889 2035 1014 2059 uxore
1044 2035 1138 2059 sua:
1169 2021 1230 2059 De
1260 2022 1365 2060 dono
1396 2023 1631 2061 Monialium

118 2074 169 2113 de
191 2075 394 2126 Marringe
423 2075 688 2126 quadraginta
721 2080 896 2125 quatuor
927 2089 1036 2113 acras
1065 2082 1182 2113 terrae
1213 2076 1254 2113 in
1282 2076 1511 2127 Hei-leseya,
1543 2091 1631 2115 cum

118 2128 224 2167 tofto
248 2136 288 2167 613
317 2129 446 2167 crofto
476 2135 517 2167 et
546 2129 798 2167 libertatibus
828 2129 878 2166 ad
908 2129 1076 2167 eandem
1096 2137 1241 2168 terram
1265 2130 1568 2180 pertinentibus,
1593 2137 1631 2170 et

119 2196 210 2220 cum
240 2183 440 2220 communi
468 2190 632 2233 pastura
660 2183 710 2220 ad
732 2189 892 2221 centum
921 2196 1014 2221 oves
1043 2183 1084 2220 in
1116 2184 1355 2222 escambium
1386 2198 1457 2235 pro
1479 2185 1633 2224 duabus

119 2236 277 2274 bovatis
298 2242 414 2274 terrae
443 2237 482 2274 in
505 2237 651 2287 Majori
673 2236 869 2287 Cu[t0na]
889 2253 895 2275 :
925 2236 986 2274 De
1013 2236 1118 2275 dono
1140 2237 1311 2276 Abbatis
1341 2246 1380 2276 et
1402 2240 1634 2278 Conventus

120 2290 170 2328 de
191 2290 448 2328 Thornetona
467 2296 595 2328 totam
616 2296 763 2328 terram
784 2304 904 2340 quam
934 2291 1165 2329 habuerunt
1183 2292 1224 2328 in
1250 2291 1418 2330 Bodlum
1447 2293 1497 2331 de
1527 2294 1632 2332 dono

119 2343 284 2382 Thornae
305 2345 354 2382 de
375 2344 546 2392 Biltona‚
570 2358 660 2382 cum
689 2345 873 2383 omnibus
903 2345 1157 2394 pertinenciis
1176 2361 1183 2383 ε
1213 2345 1274 2384 De
1304 2349 1409 2384 ‹lono
1432 2347 1542 2397 Elyae
1563 2347 1633 2385 filii

119 2398 289 2437 Roberti
315 2398 363 2436 de
384 2398 569 2447 Bellerby
589 2398 688 2436 duas
717 2412 826 2436 acras
861 2399 965 2448 prati
994 2399 1034 2436 in
1066 2399 1268 2437 territorio
1297 2399 1347 2438 de
1374 2400 1570 2451 Bellerby,
1594 2407 1634 2440 et

119 2462 313 2502 praeterea
342 2458 471 2490 totum
493 2458 652 2503 pratum
673 2452 779 2502 quod
808 2452 969 2490 abuttat
994 2453 1035 2490 in
1065 2453 1315 2503 longitudine
1345 2468 1462 2505 super
1491 2469 1633 2505 aquam

122 2507 171 2545 de
201 2506 411 2543 Terwinne
441 2512 481 2543 et
510 2519 629 2556 super
658 2513 818 2556 pratum
848 2506 1064 2544 eorundem
1086 2507 1404 2546 Monachorum:
1435 2508 1497 2546 De
1527 2509 1631 2547 ‹lono

122 2559 303 2611 ejusdem
316 2560 427 2610 Elyae
449 2567 527 2597 tres
549 2573 657 2598 acras
679 2561 783 2610 prati
799 2561 839 2597 in
860 2560 1062 2599 territorio
1083 2561 1263 2611 ejusdem
1280 2562 1385 2600 villae
1406 2562 1454 2600 (16
1472 2562 1547 2600 illis
1563 2577 1632 2601 sex

122 2614 221 2652 acris
242 2614 347 2664 prati
374 2627 472 2663 quas
494 2614 718 2652 XVillelmus
747 2614 797 2652 de
818 2614 944 2664 Barys
973 2615 1174 2664 quondam
1196 2617 1328 2653 tenuit
1357 2616 1405 2654 (16
1426 2616 1512 2666 ipso
1534 2616 1633 2668 Elya

121 2668 173 2706 ad
199 2668 568 2715 terminum—scil,
599 2668 686 2705 illas
715 2673 796 2706 tres
826 2682 934 2706 acras
965 2669 1067 2718 prati
1097 2669 1146 2707 de
1175 2669 1291 2707 dictis
1320 2683 1389 2707 sex
1418 2670 1518 2707 acris
1548 2684 1634 2721 quae

120 2722 256 2773 jacent
285 2735 334 2759 ex
363 2727 476 2772 parte
506 2721 766 2760 occidentali:
795 2721 858 2759 De
887 2722 992 2759 dono
1021 2722 1201 2773 ejusdem
1232 2723 1329 2761 Eliae
1360 2730 1564 2773 pasturam
1594 2725 1635 2762 in

121 2776 325 2814 territorio
355 2775 403 2813 de
429 2775 620 2826 Belreby²
651 2775 702 2813 ad
731 2776 1044 2827 quadringentas
1074 2784 1114 2815 et
1142 2778 1361 2827 nonaginta
1390 2791 1495 2819 oves,
1518 2784 1558 2816 et
1585 2778 1634 2816 ad

123 2830 291 2881 triginta
310 2836 457 2868 matres
478 2843 582 2877 oves,
605 2830 725 2868 etiam
746 2843 835 2867 cum
857 2830 941 2868 loco
963 2837 1003 2868 et
1023 2837 1133 2868 curte
1153 2831 1202 2869 ad
1224 2831 1441 2869 bercariam
1464 2845 1575 2870 suam
1596 2837 1636 2871 et

124 2884 174 2922 ad
194 2884 333 2922 domos
352 2889 558 2934 pastorum
579 2897 750 2931 suorum,
774 2889 815 2923 et
834 2883 884 2922 ad
911 2889 1043 2922 ortum
1064 2891 1104 2923 et
1124 2885 1201 2923 alia
1229 2885 1462 2924 aisiamenta
1493 2899 1573 2934 sua,
1597 2891 1636 2924 et

406 2962 416 2981 ¹
442 2963 601 2995 Partam.
1148 2963 1162 2983 2
1185 2964 1349 3005 Belrelby.
