2033 3242
583 245 895 277 CARTULARmM
916 243 1220 275 RIEVALLENSE.
1573 235 1652 272 319

209 350 414 394 SKAT0N1
446 351 618 392 ORorrE
649 364 748 392 cum
784 350 1063 392 ORLYAUNCE.
1135 347 1193 388 Et
1223 346 1274 388 de
1304 360 1364 387 xx
1381 360 1411 388 s.
1443 345 1496 387 de
1535 347 1657 387 firma

151 411 279 452 unius
310 409 445 451 clausi
474 408 616 449 vocati
637 409 819 450 Skerton
841 408 983 449 Crofte
1004 411 1048 447 et
1077 405 1319 459 Orlyaunce
1341 403 1480 445 soluta
1500 403 1555 444 ad
1574 407 1657 445 ter—

151 468 290 509 minos
319 466 678 508 Annuntiationis
709 469 798 515 etc„
819 464 985 507 dimissi
1004 463 1213 505 Nicholao
1242 463 1277 503 F
1279 462 1489 517 ayerfaxe,
1508 461 1658 511 Militi,

150 540 226 580 per
245 525 530 573 indenturam,
551 528 601 564 ut
622 523 788 564 dicitur.

365 582 541 623 Summa
562 596 620 622 xx
633 595 665 624 s.
729 581 905 622 Summa
925 579 1085 621 Totalis
1106 579 1305 632 Receptae
1325 576 1433 618 xlvii
1445 576 1488 618 li.
1509 576 1598 618 vis.

208 674 246 716 E
266 674 422 729 quibus
442 673 656 727 stipendia
677 672 976 727 Computantis
997 685 1095 713 cum
1115 669 1361 711 necessariis
1382 668 1590 723 expensis.

210 732 334 774 Idem
355 735 576 785 computat
595 731 640 771 in
662 731 785 772 feodo
805 730 941 784 ipsius
959 728 1270 783 Computantis‚
1291 727 1549 780 Receptoris‚
1570 726 1659 767 sive

156 790 405 832 Collectoris
444 789 693 830 reddituum
729 793 773 829 et
807 788 1027 829 firmarum
1067 786 1260 828 omnium
1301 789 1344 826 et
1394 784 1659 838 singulorum

153 848 388 898 domorum,
408 847 708 896 maneriorum,
728 846 1010 901 grangiarum,
1025 844 1238 893 villarum,
1255 847 1297 884 et
1318 846 1659 883 tenementorum

154 919 507 960 quorumcunque
536 905 583 945 in
615 905 730 946 Com.
765 903 901 953 Ebor.‚
927 907 970 944 et
1000 902 1104 943 alibi
1133 902 1246 942 infra
1280 914 1458 955 regnum
1493 899 1660 954 Angliae

153 964 400 1017 ubicunque
425 962 664 1016 jacentium
695 965 737 1002 et
767 962 1058 1010 scituatorum,
1087 959 1289 1013 praedicto
1320 971 1456 1012 nuper
1486 957 1659 998 Monas-

153 1021 262 1063 terio
292 1021 345 1062 de
382 1020 589 1074 Ryevalle
624 1019 933 1074 pertinentium
968 1018 1058 1059 sive
1089 1016 1389 1071 spectantium,
1411 1015 1465 1056 ad
1486 1028 1554 1056 cs.
1587 1029 1662 1069 per

155 1093 329 1128 annum,
357 1078 517 1119 solutos
548 1078 601 1118 ad
633 1078 742 1118 festa
771 1075 1128 1117 Annuntiationis
1161 1079 1250 1123 etc.‚
1281 1073 1537 1122 habendum,
1568 1077 1662 1114 ten·

155 1137 315 1178 endum
336 1140 379 1177 et
400 1135 694 1189 occupandum
715 1134 900 1175 officium
921 1133 1184 1188 praedictum,
1205 1145 1292 1172 una
1313 1145 1410 1172 cum
1430 1131 1554 1171 feodo
1575 1144 1603 1171 v
1618 1130 1660 1171 li.

156 1195 295 1236 eidem
324 1194 544 1235 Willelmo
575 1197 617 1234 et
647 1192 871 1245 assignatis
903 1191 1002 1241 suis,
1033 1191 1125 1230 vita
1155 1203 1232 1230 sua
1253 1188 1439 1230 naturali
1469 1188 1663 1236 durante,

156 1252 301 1293 clausa
332 1250 610 1292 districtionis
640 1250 687 1290 in
718 1255 761 1291 et
791 1263 918 1303 super
946 1248 1196 1302 graungiam
1226 1250 1422 1287 vocatam
1454 1246 1663 1299 Crosseby

159 1310 360 1364 Graunge
380 1323 455 1363 pro
487 1309 656 1350 defectu
687 1307 911 1348 solutionis
942 1306 1055 1347 feodi
1075 1305 1270 1359 praedicti
1299 1318 1375 1358 per
1395 1304 1583 1357 spatium
1604 1317 1661 1344 xx

158 1368 336 1417 dierum,
371 1371 498 1420 prout
532 1380 608 1420 per
643 1366 848 1419 scriptum
886 1364 986 1405 inde
1022 1364 1101 1404 sub
1135 1362 1275 1417 sigillo
1308 1362 1525 1402 communi
1561 1361 1663 1402 dicti

158 1439 295 1479 nuper
335 1424 600 1473 Monasterii,
640 1423 788 1464 datum
828 1427 936 1462 XXmo
976 1422 1044 1462 die
1086 1420 1347 1474 Septembris
1387 1433 1424 1460 a.
1464 1433 1494 1461 r.
1535 1420 1664 1473 Regis

158 1483 340 1524 Henrici
379 1492 469 1522 VIII.
505 1481 731 1530 tricesimo,
766 1480 936 1534 plenius
977 1483 1164 1533 apparet,
1203 1478 1296 1526 viz„
1336 1477 1382 1517 in
1414 1477 1665 1518 allocatione

158 1539 406 1595 hujusmodi
440 1539 606 1580 duobus
647 1538 767 1579 festis
802 1537 1162 1579 Annuntiationis
1204 1539 1246 1577 et
1286 1535 1514 1576 Michaelis
1555 1535 1666 1576 infra

158 1604 329 1652 tempus
368 1598 497 1651 hujus
537 1596 725 1650 compoti
756 1595 1061 1644 accidentibus,
1102 1608 1168 1635 cs.
1257 1593 1314 1634 Et
1353 1593 1399 1633 in
1440 1593 1665 1647 stipendiis

159 1656 314 1698 Clerici
329 1655 549 1696 Auditoris
571 1654 794 1695 scribentis
814 1654 930 1694 hunc
956 1657 1211 1706 compotum,
1228 1651 1283 1692 ad
1303 1651 1375 1692 iis.
1397 1665 1472 1705 per
1492 1665 1665 1700 annum,

157 1718 286 1768 prout
322 1713 497 1755 Clericis
532 1712 815 1753 Auditoribus
850 1711 1029 1752 Domini
1064 1710 1192 1764 Regis
1228 1709 1424 1750 Ducatus
1461 1709 1529 1750 sui
1561 1708 1666 1749 Lan—

159 1772 323 1813 castriae
359 1770 532 1812 allocari
567 1769 789 1815 consuevit
821 1769 867 1809 in
903 1768 1083 1823 singulis
1125 1767 1331 1821 compotis
1372 1767 1666 1808 ministrorum

157 1830 329 1879 ibidem,
349 1829 442 1878 viz.,
463 1829 510 1868 in
530 1828 782 1868 allocatione
812 1826 1059 1880 hujusmodi
1088 1825 1411 1879 stipendiorum,
1432 1824 1665 1865 secundum

159 1887 339 1928 formam
361 1890 402 1928 et
424 1886 625 1927 effectum
645 1886 783 1926 Actus
800 1885 1090 1934 Parliamenti,
1111 1884 1142 1923 ii
1159 1897 1190 1924 s.
1310 1883 1487 1924 Summa
1508 1882 1563 1923 cii
1576 1895 1606 1923 s.

214 1978 506 2020 Liberationes
527 1982 570 2018 et
591 1977 910 2018 exonerationes
931 1975 1210 2016 denariorum.

214 2037 270 2078 Et
292 2038 338 2077 in
369 2036 553 2077 denariis
583 2035 775 2076 liberatis
807 2034 1023 2074 Leonardo
1056 2031 1267 2081 Bekwith,
1287 2031 1421 2080 Arm„
1442 2032 1668 2085 Receptori

158 2094 337 2136 Domini
357 2094 485 2148 Regis
516 2093 648 2133 totius
672 2093 785 2133 Com.
809 2093 934 2132 Ebor.
969 2090 1216 2144 supradicti,
1237 2090 1289 2130 de
1320 2095 1440 2143 parte
1472 2090 1667 2131 exituum

158 2152 405 2206 hujusmodi
426 2151 540 2199 anni,
561 2165 614 2191 ex
644 2150 932 2204 recognitione
962 2149 1097 2203 ipsius
1149 2147 1375 2201 leceptoris
1406 2161 1532 2202 super
1552 2147 1667 2189 hunc

157 2214 413 2264 compotum,
435 2210 511 2249 xix
525 2208 568 2248 li.
590 2208 665 2248 xvi
682 2208 719 2248 d.

217 2267 274 2308 Et
314 2271 512 2308 oneratur
551 2266 596 2305 in
637 2269 832 2318 compoto
873 2264 1065 2318 praedicti
1111 2262 1358 2317 Receptoris
1408 2276 1483 2317 pro
1533 2263 1667 2304 tantis

159 2324 346 2366 denariis
367 2338 441 2378 per
461 2337 598 2377 nuper
617 2323 833 2364 Abbatem
864 2327 906 2364 et
938 2323 1208 2363 Conventum
1233 2321 1393 2362 ibidem
1413 2321 1594 2375 receptis
1616 2322 1667 2362 de

159 2383 396 2424 redditibus
418 2386 461 2423 et
481 2381 613 2422 firmis
636 2381 789 2421 debitis
812 2381 864 2421 ad
886 2381 1044 2421 festum
1067 2380 1104 2421 S.
1126 2379 1306 2420 Martini
1327 2379 1372 2419 in
1394 2379 1547 2433 hyeme
1568 2384 1666 2421 ante

163 2440 485 2482 dissolutionem
507 2439 794 2492 supradictam
826 2452 963 2492 nuper
993 2437 1209 2478 Prioratus
1240 2437 1330 2492 [sic]
1361 2437 1473 2478 infra
1497 2442 1666 2491 tempus

162 2499 292 2552 hujus
314 2498 500 2551 compoti
522 2497 730 2545 accidens,
752 2496 861 2536 xxiii
874 2496 916 2537 li.
938 2496 1007 2537 iis.
1029 2495 1090 2536 vii
1106 2495 1142 2536 d.

1163 2552 1339 2594 Summa
1358 2553 1438 2593 xlii
1454 2553 1495 2594 li.
1518 2553 1562 2594 iv
1578 2567 1607 2594 s.

220 2655 397 2696 Summa
431 2653 734 2694 allocationum
769 2656 812 2693 et
848 2652 1149 2693 liberationum
1179 2651 1478 2705 praedictarum
1503 2651 1611 2692 xlvii
1624 2651 1668 2692 li.

158 2714 202 2754 vi
217 2727 260 2762 s.,
280 2725 375 2766 quae
410 2725 576 2752 summa
597 2710 822 2765 coaequalis
842 2715 907 2752 est
942 2724 1039 2751 cum
1074 2723 1242 2751 summa
1275 2709 1435 2750 Totalis
1470 2709 1667 2763 Receptae

161 2771 353 2825 superius
375 2773 417 2810 et
437 2774 642 2823 aequatur.

206 2860 217 2880 1
233 2861 318 2892 This
330 2870 432 2892 name
444 2860 473 2891 is
486 2859 688 2900 differently
702 2858 880 2900 speltjust
955 2860 1018 2890 ton
1045 2868 1137 2889 seem
1164 2860 1202 2889 to
1232 2860 1377 2899 suggest
1407 2867 1475 2898 any
1503 2857 1668 2899 probable

161 2904 285 2945 below,
307 2903 375 2936 and
399 2903 538 2934 neither
563 2903 698 2935 Skaton
715 2913 753 2934 or
777 2902 879 2934 Sker-
955 2901 1170 2943 place-name
1186 2905 1313 2943 except
1329 2902 1359 2933 it
1374 2901 1416 2933 be
1433 2900 1605 2934 Scawton.
