2033 3242
343 244 423 280 404
777 251 1089 282 CARTULARIUM
1111 252 1413 283 RIEVALLENSE.

396 414 458 451 81.
491 412 661 465 [Placita
689 413 805 451 Ebor.
839 416 854 451 1
884 363 910 516 ξ·
942 416 977 460 2,
999 412 1025 450 f.
1050 413 1132 452 33¹2.
1185 416 1205 452 7
1230 415 1338 453 Edw.
1363 425 1388 454 Ι.
1412 416 1584 470 (1273),]
1627 416 1855 456 Willelmus

339 520 390 559 de
427 519 612 559 Vallibus
652 526 692 559 et
730 520 870 568 Alicia,
912 534 1014 560 uxor
1057 522 1156 572 ejus,
1202 526 1347 572 petunt
1384 536 1522 562 versus
1563 524 1765 564 Abbatem
1803 525 1854 563 de

339 574 496 613 Rivalle
524 574 687 612 tertiam
715 579 872 624 partem
895 575 937 613 xl
959 589 1139 614 acrarum
1168 580 1284 614 terrae
1305 581 1345 614 et
1364 590 1392 614 x
1412 590 1591 616 acrarum
1620 579 1725 629 prati
1756 611 1764 618 .
1799 610 1807 617 .
1842 610 1851 617 .

339 628 380 666 in
414 628 650 675 Folketona,
686 633 733 665 ut
767 628 903 667 dotem
936 629 1060 680 ipsius
1094 629 1245 676 Aliciae,
1281 629 1331 669 de
1365 630 1573 670 dotatione
1606 632 1766 671 Ranulfi
1799 633 1849 672 de

339 681 571 729 Folketona,
587 681 790 732 quondam
803 683 877 721 viri
895 683 1094 733 praedictae
1107 683 1255 722 Aliciae.
1290 683 1343 722 Et
1358 684 1585 736 Abbas,per
1600 690 1850 725 attornatum

338 749 465 784 suum,
488 736 600 774 venit
620 741 660 774 et
679 736 773 774 inde
794 743 910 775 vocat
933 737 983 775 ad
1006 738 1240 775 warantiam
1266 737 1481 777 Ricardum
1510 739 1560 778 de
1588 739 1728 791 Lascy,
1749 740 1850 779 Juli-

337 803 454 828 anam
482 803 649 828 uxorem
679 790 776 840 ejus,
807 790 1009 842 Rogerum
1039 791 1075 830 le
1105 791 1254 830 Pescur
1273 797 1314 830 et
1341 792 1522 841 Aliciam,
1550 806 1718 833 uxorem
1747 795 1844 845 ejus.

338 843 389 881 Et
410 843 589 894 praedicti
609 844 805 882 Ricardus
832 850 873 883 et
898 845 925 883 J
929 845 1063 883 uliana
1091 845 1211 884 modo
1241 846 1409 884 veniunt
1437 852 1478 885 et
1505 852 1648 898 sponte
1668 849 1850 887 waranti-

337 907 429 936 zant
449 897 639 949 praedicto
660 898 810 936 Abbati
830 904 1107 938 tenementum
1133 899 1370 951 praedictum
1391 905 1431 939 et
1451 901 1592 940 dicunt
1620 901 1726 952 quod
1755 916 1852 953 prae-

335 951 443 990 dicta
471 951 602 990 Alicia
620 965 701 990 non
727 952 849 991 debet
867 952 961 991 inde
981 953 1117 992 dotem
1137 953 1294 1002 habere,
1316 954 1424 1005 quod
1453 955 1593 993 dicunt
1621 955 1729 1007 quod
1758 969 1853 1007 prae-

333 1005 464 1043 dictus
494 1005 704 1054 Ranulfus,
728 1006 793 1044 die
817 1020 897 1057 quo
925 1007 1054 1057 ipsam
1084 1006 1353 1058 desponsavit,
1384 1022 1457 1047 nec
1486 1022 1668 1060 unquum
1697 1015 1846 1061 postea,

333 1059 468 1098 tenuit
506 1060 742 1110 praedictum
775 1065 1052 1100 tenementum
1085 1061 1126 1099 in
1155 1061 1284 1110 feodo,
1320 1062 1378 1101 ita
1407 1063 1516 1114 quod
1549 1063 1683 1114 potuit
1719 1064 1848 1114 ipsam

334 1113 486 1161 dotare,
510 1119 550 1152 et
569 1114 619 1153 de
648 1114 722 1153 hoc
753 1114 867 1165 ponit
886 1128 927 1153 se
947 1128 1067 1166 super
1085 1116 1268 1167 patriam,
1291 1121 1332 1155 et
1351 1117 1532 1167 praedicti
1552 1117 1779 1156 Willelmus
1808 1124 1849 1156 et

334 1167 464 1206 Alicia
480 1167 673 1208 similiter.
723 1168 821 1207 Ideo
838 1169 907 1207 fiat
918 1169 1065 1219 jurata.
1115 1169 1250 1208 Jurati
1266 1169 1405 1209 dicunt
1420 1184 1540 1222 super
1555 1176 1847 1210 sacramentum

333 1235 451 1260 suum
472 1221 580 1272 quod
601 1222 814 1273 praedictus
831 1222 1042 1272 Ranulfus,
1060 1223 1125 1262 die
1145 1237 1225 1274 quo
1245 1224 1476 1275 praedictam
1492 1225 1663 1264 Aliciam
1682 1225 1848 1277 despon-

333 1276 448 1323 savit,
470 1275 549 1314 fuit
578 1275 619 1314 in
649 1277 796 1315 seisina
824 1276 873 1315 de
903 1277 1106 1328 praedictis
1132 1277 1174 1315 xl
1201 1279 1301 1317 acris
1331 1283 1457 1326 terrae,
1481 1284 1526 1317 ut
1554 1278 1604 1318 de
1637 1279 1768 1327 feodo,
1790 1280 1848 1318 ita

332 1329 441 1380 quod
469 1329 596 1380 ipsam
626 1330 720 1368 inde
744 1330 883 1369 dotare
913 1332 1069 1382 potuit3
1098 1332 1231 1382 quoad
1261 1333 1495 1383 praedictum
1523 1338 1685 1383 pratum
1708 1334 1847 1372 dicunt

332 1383 441 1434 quod
479 1383 586 1422 idem
624 1384 833 1432 Ranulqu,
874 1385 938 1423 die
977 1399 1056 1436 quo
1093 1386 1221 1436 ipsam
1260 1386 1528 1437 desponsavit,
1565 1401 1637 1426 nec
1670 1401 1849 1438 unquam

333 1443 480 1487 postea,
503 1438 584 1476 fuit
603 1438 644 1476 in
665 1438 819 1476 seisina.
866 1438 962 1478 Ideo
979 1439 1275 1479 consideratum
1291 1446 1352 1479 est
1373 1440 1481 1492 quod
1502 1441 1682 1492 praedicti
1698 1441 1849 1480 Willel-

332 1505 419 1530 mus
441 1497 481 1530 et
500 1491 631 1530 Alicia
660 1492 884 1543 reciperent
909 1493 1096 1532 seisinam
1120 1507 1233 1532 suam
1254 1494 1303 1533 de
1323 1495 1443 1533 tertia
1472 1500 1585 1546 parte
1605 1495 1648 1534 xl
1668 1509 1847 1534 acrarum

331 1550 458 1593 terrae,
477 1551 527 1593 et,
546 1546 678 1597 quoad
699 1551 871 1597 pratum,
890 1547 1116 1586 Willelmus
1132 1552 1172 1586 et
1188 1548 1317 1587 Alicia
1331 1549 1372 1587 in
1389 1553 1481 1596 mia,
1498 1554 1539 1588 et
1554 1549 1692 1588 Abbas
1712 1554 1848 1589 teneat

331 1600 373 1638 in
393 1612 488 1650 pace
509 1605 580 1639 etc.

387 1709 448 1746 82.
483 1706 655 1760 [Placita
684 1707 803 1747 Ebor.
834 1708 883 1747 N.
922 1711 952 1747 1.
988 1711 1061 1748 7-2.
1124 1711 1146 1747 8
1177 1709 1255 1748 and
1287 1711 1308 1748 9
1340 1709 1451 1748 Edw.
1481 1721 1506 1749 Ι.
1539 1712 1652 1763 12ὲὲξ,
1682 1711 1707 1749 f.
1744 1710 1845 1764 16¹³]

331 1760 570 1808 VVillelmus,
600 1762 737 1800 Abbas
766 1761 816 1801 de
846 1762 1013 1810 Rivalie,
1040 1764 1304 1802 summonitus
1334 1764 1414 1802 fuit
1441 1763 1492 1802 ad
1521 1764 1846 1815 respondendum

332 1814 548 1863 willelmo,
581 1815 712 1854 Priori
738 1815 788 1855 de
819 1816 1054 1865 Kirkeham,
1086 1817 1136 1856 de
1166 1817 1312 1868 placito
1342 1817 1449 1868 quod
1478 1818 1687 1869 permittat
1714 1818 1845 1869 ipsum

332 1869 477 1908 habere
498 1883 751 1908 communam
780 1876 951 1921 pasturae
981 1871 1021 1909 in
1052 1871 1282 1910 Bildesdala
1301 1885 1389 1922 quae
1410 1872 1585 1923 pertinet
1605 1872 1656 1910 ad
1674 1872 1845 1911 liberum

332 1929 607 1962 tenementum
637 1937 753 1962 suum
773 1925 815 1962 in
837 1924 976 1963 eadem
996 1925 1102 1972 villa,
1124 1925 1173 1963 de
1203 1939 1282 1975 qua
1309 1925 1453 1973 Adam,
1475 1925 1678 1976 quondam
1707 1926 1844 1965 Abbas

330 1977 380 2016 de
401 1977 568 2024 Rivalle,
588 1977 852 2028 praedecessor
871 1979 1052 2029 praedicti
1071 1979 1254 2027 Abbatis,
1272 1979 1424 2030 injuste
1445 1985 1533 2028 etc,
1550 1979 1845 2019 disseisiaverat

333 2031 559 2078 Ricardum,
578 2032 781 2081 quondam
797 2032 975 2071 Priorem
996 2033 1045 2072 de
1061 2032 1297 2081 Kirkeham,
1314 2033 1645 2084 praedecessorem
1665 2033 1844 2085 praedicti

332 2085 492 2132 Prioris,
515 2091 605 2135 post
625 2086 795 2136 primam
815 2091 902 2126 etc:
934 2087 987 2125 Et
1017 2086 1123 2125 unde
1152 2087 1250 2126 dicit
1279 2087 1387 2138 quod
1417 2101 1507 2126 cum
1534 2087 1681 2127 habere
1701 2087 1845 2127 debeat

331 2152 584 2178 communam
604 2140 645 2177 in
665 2139 820 2179 duabus
849 2141 949 2179 acris
978 2145 1152 2191 pasturae
1182 2141 1479 2180 communiandi
1508 2141 1550 2179 in
1570 2141 1730 2188 eisdem,
1754 2154 1842 2180 cum

331 2192 571 2231 omnimodis
610 2194 754 2232 averiis
792 2195 885 2241 suis,
925 2207 997 2245 per
1034 2200 1168 2233 totum
1205 2208 1366 2242 annum,
1407 2201 1447 2233 et
1483 2195 1590 2234 unde
1628 2195 1842 2246 praedictus

331 2246 537 2291 Ricar‹lus‚
554 2246 819 2297 praedecessor
833 2248 926 2296 suis,
944 2248 1023 2287 fuit
1039 2248 1222 2300 seysituS,
1240 2253 1287 2287 ut
1301 2249 1350 2288 de
1363 2249 1481 2288 feodo
1497 2254 1538 2287 et
1556 2250 1645 2300 jure
1660 2249 1844 2288 Ecclesiae

331 2313 411 2339 suae
446 2300 485 2339 S.
517 2301 728 2340 Trinitatis
762 2301 811 2341 de
841 2302 1076 2350 Kirkeham,
1111 2308 1291 2354 tempore
1326 2303 1432 2354 pacis
1464 2308 1644 2353 tempore
1677 2303 1842 2342 Henrici

337 2354 463 2405 Regis,
478 2354 603 2404 patris
625 2355 787 2394 Domini
808 2356 928 2408 Regis
948 2370 1065 2403 nunc,
1081 2356 1274 2408 capiendo
1294 2356 1388 2395 inde
1408 2357 1604 2407 explecias
1620 2356 1670 2395 ad
1690 2357 1844 2396 valenc-

331 2408 410 2447 iam
434 2413 507 2446 etc.
565 2408 618 2446 Et
647 2409 696 2447 de
725 2423 803 2459 qua
822 2410 1036 2460 praedictus
1055 2410 1200 2458 Adam,
1222 2410 1426 2461 quondam
1445 2411 1581 2449 Abbas
1601 2411 1651 2449 de
1671 2411 1840 2457 Rivalle,

332 2461 597 2512 praedecessor
634 2463 815 2513 praedicti
849 2463 1030 2511 Abbatis,
1062 2464 1211 2514 injuste
1250 2470 1320 2503 etc.
1355 2464 1572 2503 disseisivit
1605 2464 1841 2515 praedictum

331 2515 560 2564 Ricardum,
588 2516 790 2566 quondam
818 2517 999 2556 Priorem
1019 2517 1068 2556 de
1090 2518 1324 2566 Kirkeham,
1355 2518 1685 2568 praedecessorem
1712 2531 1838 2566 suum,

330 2573 421 2620 post
449 2570 619 2620 primam
649 2575 721 2609 etc.
780 2571 833 2609 Et
853 2571 945 2610 inde
976 2571 1161 2622 producit
1190 2577 1338 2611 sectam
1358 2577 1430 2611 etc.
1488 2572 1542 2610 Et
1570 2573 1706 2612 Abbas
1728 2572 1841 2611 venit

330 2629 371 2662 et
398 2623 583 2662 defendit
608 2623 673 2673 jus
703 2637 828 2672 suum,
861 2625 1020 2675 quando
1050 2631 1121 2664 etc.
1195 2626 1248 2664 Et
1275 2626 1375 2664 bene
1402 2625 1585 2664 defendit
1610 2625 1718 2677 quod
1744 2639 1840 2677 prae-

329 2677 460 2715 dictus
489 2677 631 2724 Adam,
655 2678 855 2728 quondam
886 2679 1022 2717 Abbas
1050 2678 1099 2717 de
1128 2679 1295 2726 Rivalie,
1322 2679 1586 2729 praedecessor
1614 2693 1717 2728 suus,
1746 2679 1838 2717 inde

330 2731 548 2770 disseisivit
576 2731 812 2782 praedictum
841 2731 1068 2780 Ricardum,
1092 2733 1295 2783 quondam
1324 2733 1503 2772 Priorem
1523 2733 1573 2772 de
1600 2733 1836 2779 Kirkeham,

330 2784 660 2836 praedecessorem
681 2785 860 2836 praedicti
882 2786 1040 2833 Prioris‚
1064 2786 1113 2825 de
1135 2787 1325 2837 praedicta
1344 2800 1564 2826 communa.
1623 2787 1676 2825 Et
1695 2787 1744 2825 de
1764 2786 1837 2825 hoc

331 2838 444 2889 ponit
463 2852 503 2877 se
523 2852 641 2890 super
662 2839 841 2890 patriam.
903 2839 954 2877 Et
975 2840 1090 2878 Prior
1110 2840 1302 2880 similiter.
1363 2840 1460 2880 Ideo
1480 2843 1549 2880 fiat
1572 2841 1665 2880 inde
1690 2840 1837 2891 jurata,

333 2899 403 2931 etc.
