2033 3242
606 305 920 336 CARTULARIUM
951 305 1190 335 RIEVALLEN
1197 306 1257 335 SE.
1674 300 1697 335 5

186 410 237 451 de
253 410 467 464 praedictis
489 409 710 450 arboribus
730 410 777 450 in
799 410 977 451 diversis
993 409 1122 461 locis;
1152 414 1195 451 et
1210 409 1409 451 similiter
1433 416 1698 464 prosternere

184 468 288 509 facit
319 467 488 509 circiter
518 481 609 508 xxx
640 481 820 521 quercus
850 467 919 508 vel
949 467 1134 521 amplius
1165 472 1354 521 tempore
1385 467 1510 516 seve‚¹
1547 472 1591 508 et
1626 481 1696 509 eas

187 526 384 574 excoriat,
404 529 448 566 et
468 525 650 566 vendere
666 524 682 549 2
703 526 912 575 corticem,
934 533 977 566 et
1008 525 1189 566 dimittit
1219 525 1316 566 illas
1347 538 1528 579 quercus
1555 526 1697 579 jacere

185 584 231 623 in
261 583 477 637 praedictis
513 583 650 623 boscis
681 597 903 637 quousque
934 583 1094 624 fuerint
1125 583 1355 624 desiccatae.
1445 583 1566 624 Dicit
1597 597 1694 637 ergo

185 641 300 695 quod
330 645 476 682 contra
506 641 688 682 eundem
719 641 846 682 finem
880 641 1071 682 comburi
1101 641 1203 681 facit
1224 641 1434 682 brueriam
1455 641 1500 681 in
1522 646 1697 694 pastura

184 699 295 739 infra
341 698 564 752 praedictos
604 698 751 739 boscos
791 699 845 739 ad
885 712 1085 753 magnum
1136 699 1442 739 detrimentum
1482 698 1698 752 praedictae

185 762 391 810 pasturae:
424 756 551 797 Unde
573 756 678 797 dicit
698 757 812 810 quod
843 770 917 810 per
938 757 1016 798 hoc
1041 756 1154 810 quod
1176 770 1261 796 non
1282 756 1424 797 tenuit
1444 756 1696 810 praedictum

184 815 314 855 finem
365 814 644 856 deterioratus
685 819 749 855 est
789 819 831 855 et
872 815 1001 855 habet
1041 815 1277 868 dampnum
1322 814 1376 854 ad
1430 814 1618 855 valorem
1674 828 1697 855 c

185 872 403 921 librarum,
444 877 487 912 et
527 872 627 913 inde
667 872 864 925 producit
899 878 1070 923 sectam,
1104 876 1146 912 et
1186 872 1349 925 profert
1384 872 1695 926 cyrographum

184 930 297 970 inter
317 943 387 971 eos
409 930 651 971 confectum
682 930 728 969 in
759 929 849 970 haec
881 931 1019 978 verba,
1051 934 1127 970 etc.
1189 930 1246 970 Et
1276 930 1434 979 Abbas,
1465 943 1540 983 per
1569 934 1696 970 attor-

186 991 335 1028 natum
355 1001 493 1036 suum,
513 988 635 1028 venit
666 993 708 1028 et
738 987 932 1028 defendit
962 988 1051 1027 vim
1082 992 1125 1028 et
1154 987 1369 1041 injuriam,
1391 987 1562 1041 quando
1593 991 1696 1028 eto:

185 1052 229 1086 et
248 1045 356 1086 bene
378 1046 576 1096 cognovit
596 1045 845 1099 praedictum
868 1046 1008 1094 finem,
1022 1050 1063 1085 et
1079 1045 1283 1098 quicquid
1303 1046 1348 1085 in
1371 1059 1419 1086 eo
1441 1045 1696 1094 continetur,

185 1108 228 1144 et
248 1103 356 1144 bene
387 1103 579 1144 defendit
609 1103 722 1157 quod
754 1117 975 1156 nunquam
1006 1103 1238 1143 excoriavit
1267 1103 1337 1143 vel
1368 1103 1572 1143 excoriari
1594 1103 1697 1144 fecit

185 1160 351 1214 aliquas
371 1174 551 1214 quercus
573 1161 619 1201 in
650 1160 865 1214 praedictis
896 1161 1033 1201 boscis
1063 1160 1162 1214 plus
1193 1174 1322 1214 quam
1353 1174 1522 1201 necesse
1543 1161 1696 1201 habuit

186 1218 239 1259 ad
275 1232 377 1259 usus
411 1232 508 1259 suos
542 1219 744 1273 proprios,
779 1223 866 1258 tam
904 1218 956 1258 de
993 1218 1207 1258 mairemis
1239 1232 1369 1272 quam
1401 1218 1452 1259 de
1483 1218 1609 1259 bosco
1641 1219 1695 1259 ad

185 1276 431 1318 ardendum.
491 1277 548 1316 Et
568 1276 765 1317 similiter
785 1275 893 1316 bene
914 1275 1108 1316 defendit
1128 1275 1242 1329 quod
1263 1289 1485 1329 nunquam
1507 1276 1694 1330 aliquam

184 1334 355 1388 glanam
388 1333 560 1388 collegit
595 1334 664 1375 vel
697 1333 905 1387 asportari
938 1333 1040 1374 fecit
1075 1333 1188 1374 sicut
1219 1333 1259 1374 ei
1291 1334 1498 1387 imponit:
1541 1338 1584 1374 et
1615 1333 1696 1375 hoc

186 1396 358 1445 paratus
381 1397 446 1433 est
466 1391 692 1432 defendere
713 1396 862 1432 contra
881 1391 1025 1444 ipsum
1046 1395 1089 1432 et
1111 1396 1270 1432 sectam
1287 1405 1408 1432 suam
1430 1391 1542 1432 sicut
1565 1391 1695 1433 Curia

187 1449 434 1491 considerat.
509 1450 566 1490 Et
596 1449 690 1490 ideo
719 1448 1034 1489 consideratum
1067 1453 1132 1490 est
1163 1449 1277 1502 quod
1305 1449 1452 1490 vadiat
1483 1449 1522 1490 ei
1556 1448 1695 1504 legem

186 1507 296 1547 xiima
334 1521 475 1548 manu.
555 1507 612 1547 Et
643 1507 764 1547 venit
803 1520 902 1547 cum
937 1506 1040 1560 lege,
1081 1506 1150 1547 die
1191 1507 1313 1547 Jovis
1364 1507 1559 1561 proximo
1600 1511 1697 1561 post

186 1564 368 1606 Ootabas
403 1565 442 1606 S.
477 1564 669 1614 Martini,
708 1564 816 1619 pleg.
847 1564 899 1605 de
935 1564 1027 1618 lege
1058 1564 1240 1605 Ricardo
1280 1565 1320 1605 le
1363 1564 1697 1621 Chauncell[or],

186 1623 396 1663 Herberto
427 1622 479 1663 de
511 1623 805 1663 Haukestona.
867 1623 923 1663 Et
955 1622 1119 1663 dictum
1151 1628 1214 1663 est
1252 1626 1465 1663 attornato
1501 1623 1695 1677 praedicti

183 1680 368 1721 Abbatis
408 1681 523 1734 quod
558 1681 705 1722 venire
741 1680 870 1721 faciat
910 1680 1164 1734 praedictum
1195 1681 1410 1721 Abbatem
1447 1681 1494 1721 in
1524 1681 1695 1735 propria

184 1751 364 1792 persona
396 1752 473 1779 sua
508 1738 562 1779 ad
598 1738 759 1779 dictum
795 1739 1030 1779 terminum
1066 1738 1120 1779 ad
1160 1738 1405 1779 faciendum
1445 1739 1694 1792 praedictam

183 1796 330 1850 legem.
393 1796 496 1837 Post
525 1796 646 1837 venit
675 1796 904 1850 praedictus
935 1796 1080 1836 Abbas
1111 1799 1154 1837 et
1185 1796 1289 1836 facit
1319 1795 1456 1850 legem
1488 1810 1621 1846 suam,
1653 1802 1697 1838 et

182 1854 277 1894 ideo
299 1854 615 1895 consideratum
646 1860 711 1895 est
741 1854 855 1908 quod
886 1854 1115 1908 praedictus
1146 1854 1290 1894 Abbas
1321 1854 1422 1895 inde
1453 1854 1583 1895 vadat
1603 1854 1695 1896 sine

183 1912 261 1953 die.
322 1912 380 1952 Et
409 1912 656 1953 Willelmus
687 1912 731 1953 in
763 1912 1060 1954 misericordia.
1121 1911 1179 1952 Et
1210 1911 1261 1952 de
1283 1912 1484 1954 scissione
1515 1912 1696 1967 husagfi,

184 1970 433 2011 collectione
454 1970 642 2019 nucium,
664 1975 706 2011 et
727 1970 779 2011 de
811 1970 1066 2011 carbonibus
1097 1969 1316 2022 faciendis,
1344 1975 1386 2011 et
1417 1970 1468 2011 de
1499 1970 1693 2011 combus-

183 2029 300 2069 tione
331 2028 488 2069 bruerii
519 2028 565 2068 in
600 2033 776 2082 pastura
810 2028 856 2068 in
892 2028 1107 2082 praedictis
1143 2028 1293 2076 boscis,
1330 2027 1435 2068 dicit
1465 2028 1694 2082 praedictus

182 2085 330 2126 Abbas
371 2085 484 2140 quod
519 2086 611 2140 ipse
652 2091 694 2127 et
734 2100 880 2127 omnes
912 2086 1237 2139 praedecessores
1268 2085 1347 2134 sui,
1378 2100 1402 2126 a
1443 2086 1694 2127 fundatione

182 2144 348 2184 Domus
380 2157 478 2193 suae,
499 2144 735 2184 extiterunt
765 2144 810 2184 in
833 2144 989 2184 seisina
1019 2157 1185 2197 semper
1214 2143 1437 2184 scindendi
1467 2143 1694 2198 husagium

183 2202 228 2242 in
269 2202 421 2255 hyeme
463 2201 516 2242 ad
557 2201 685 2242 boves
723 2207 765 2243 et
805 2215 954 2242 vaccas
991 2215 1099 2250 suas,
1136 2205 1179 2242 et
1214 2201 1442 2256 colligendi
1478 2215 1620 2251 nuces,
1651 2207 1695 2243 et

182 2259 367 2301 faciendi
399 2259 601 2300 carbones
631 2259 684 2300 ad
715 2273 818 2300 usus
850 2258 934 2314 [2¹³]
971 2272 1069 2300 suos
1104 2259 1306 2313 proprios,
1343 2264 1386 2300 et
1418 2259 1694 2301 comburendi

183 2318 398 2358 bruerium
431 2317 477 2357 in
518 2322 692 2371 pastura
722 2317 836 2358 infra
866 2317 1090 2371 praedictos
1126 2317 1287 2366 boscos,
1318 2321 1362 2358 et
1395 2323 1494 2358 ante
1530 2317 1692 2359 confec—

183 2375 346 2416 tionem
382 2375 575 2429 praedicti
608 2375 706 2416 finis
735 2381 779 2416 et
814 2389 981 2429 semper
1016 2379 1186 2429 postea:
1233 2380 1276 2416 et
1315 2375 1442 2429 petiit
1478 2375 1692 2428 judicium

185 2433 350 2474 desicut
400 2434 492 2486 ipse
539 2438 583 2474 et
629 2433 958 2487 praedecessores
995 2433 1062 2473 sui
1102 2438 1201 2474 ante
1243 2433 1554 2474 confectionem
1586 2447 1690 2487 prae-

184 2491 290 2532 dicti
310 2491 420 2540 finis,
442 2495 485 2531 et
520 2504 687 2544 semper
722 2497 880 2545 postea,
917 2491 1158 2532 extiterunt
1192 2490 1239 2531 in
1275 2491 1433 2531 seisina
1468 2491 1691 2532 scindendi

183 2549 421 2603 husagium,
462 2548 689 2602 colligendi
730 2562 872 2598 nuces,
913 2549 1113 2590 carbones
1154 2548 1349 2598 faciendi,
1390 2554 1434 2589 et
1474 2549 1690 2590 bruerium

183 2607 458 2648 comburendi
493 2607 540 2646 in
572 2610 747 2660 pastura
779 2607 891 2647 infra
931 2607 1155 2661 praedictos
1191 2606 1351 2655 boscos,
1385 2606 1470 2646 nisi
1505 2606 1552 2647 in
1587 2620 1692 2660 prae-

225 2705 237 2725 ¹
261 2705 346 2737 This
370 2705 398 2737 is
421 2716 459 2737 so
486 2705 617 2747 clearly
640 2706 785 2738 written
812 2704 894 2738 that
981 2705 1023 2738 G.
1055 2704 1135 2744 saft.
1211 2704 1246 2737 It
1271 2705 1401 2746 hardly
1429 2705 1536 2737 needs
1567 2705 1610 2737 be
1641 2716 1690 2738 re·

182 2749 282 2781 there
312 2759 375 2781 can
407 2749 448 2781 be
481 2760 524 2781 no
555 2748 668 2781 doubt
704 2750 735 2781 it
771 2748 892 2781 stands
978 2748 1125 2780 marked
1142 2747 1222 2780 that
1245 2749 1275 2780 it
1298 2750 1328 2780 is
1352 2749 1454 2780 usual
1472 2752 1508 2781 to
1524 2748 1585 2781 fell
1602 2749 1689 2782 oaks

182 2793 299 2824 either
329 2793 383 2824 for
404 2804 479 2825 sene
502 2803 542 2824 or
564 2793 618 2824 for
641 2804 721 2825 seve.
771 2793 789 2824 I
812 2803 890 2824 con·
976 2793 1013 2824 in
1030 2792 1091 2824 the
1107 2792 1193 2824 time
1210 2792 1246 2824 of
1261 2803 1332 2834 sap.

181 2836 317 2877 jecture
339 2836 421 2868 that
443 2836 504 2868 the
526 2836 635 2868 latter
657 2836 686 2869 is
709 2836 771 2868 the
794 2835 891 2868 word

182 2879 365 2919 intended,
380 2880 449 2911 and
466 2880 546 2911 that
563 2881 592 2911 it
608 2879 637 2911 is
653 2890 673 2911 a
685 2878 770 2911 Low
785 2879 891 2911 Latin
1019 2878 1032 2898 2
1055 2877 1140 2910 This
1164 2879 1194 2910 is
1216 2889 1253 2910 so
1277 2879 1431 2917 written,
1459 2879 1528 2910 and
1552 2889 1590 2910 as
1615 2878 1644 2911 it
1660 2878 1690 2910 is

182 2927 424 2964 presentment
450 2923 486 2955 of
509 2923 571 2955 the
603 2922 770 2964 ordinary
798 2923 889 2965 Eng-
976 2922 1130 2964 possible
1146 2925 1184 2954 to
1199 2922 1303 2954 make
1319 2923 1350 2954 it
1366 2922 1503 2964 depend
1521 2933 1564 2954 on
1578 2922 1688 2962 facit,

184 2966 252 2998 lish
286 2977 359 3008 sap.
430 2966 602 3008 Compare
634 2966 774 2999 O.H.G.
820 2967 886 3008 sus,
977 2976 1016 2998 as
1035 2971 1180 2997 sternere
1198 2965 1293 3005 does,
1315 2966 1330 2998 1
1349 2966 1447 2997 leave
1464 2966 1494 2998 it
1510 2976 1558 2998 sn.
