2033 3242
523 252 836 284 GARTULARIUM
856 252 1164 284 RIEVALLENSE.
1521 249 1538 285 1
1550 249 1596 286 91

90 359 268 400 dilectos
284 356 394 398 filios
410 361 588 406 nostros,
606 357 842 407 Silvanum,
856 357 1083 407 Abbatem,
1100 362 1143 399 et
1158 358 1309 400 fratres
1325 358 1377 399 de
1394 358 1597 410 Rievalle,
1616 369 1710 402 Roger
1723 371 1756 396 os
1787 406 1792 410 ⁴

90 422 134 457 et
153 415 466 457 Monasterium
496 414 580 455 sibi
609 416 896 465 commissum,
917 429 1015 456 cum
1046 416 1244 457 omnibus
1275 416 1397 457 bonis
1428 421 1471 457 et
1500 430 1594 471 pos·
1614 403 1821 469 {giiffi‘fflff'

90 473 348 515 sessionibus
370 473 474 526 ejus,
495 473 575 513 sub
597 473 644 513 B.
668 473 784 514 Petri
805 477 848 514 et
869 478 1015 514 nostra
1035 473 1297 527 protectione
1319 474 1584 528 suscepimus
1613 472 1681 502 stay
1693 471 1732 496 ³¹¹

1587 509 1597 524 ²
1614 505 1718 536 unjust
1728 506 1785 531 and

88 537 132 572 et
153 531 214 572 eis
243 530 518 585 privilegium
544 535 739 571 nostrum
769 530 1038 572 indulsimus,
1100 531 1239 581 Unde,
1266 546 1400 586 quum
1428 532 1598 573 eosdem
1614 538 1745 597 ‘'10101121.
1770 580 1786 591 0

89 589 303 630 Abbatem
324 593 368 629 et
388 588 538 629 fratres
559 601 686 641 super
705 588 828 629 bonis
849 593 892 629 et
911 589 1249 643 possessionibus
1277 589 1366 631 suis
1396 590 1597 631 nolumus
1613 578 1813 637 Ξὲῑῖἶῗῗῃέῃῗέε

88 661 114 688 a
129 659 346 701 quoquam
357 645 548 686 indebite
564 646 793 695 molestari,
809 646 1069 687 fraternitati
1083 652 1236 688 vestrae
1251 661 1327 701 per
1347 647 1597 701 Apostolica
1615 638 1791 698 ξῗὲζξζιζοῑ

88 705 248 758 scripta
281 703 567 758 praecipiendo
595 704 848 745 mandamus
889 704 1102 758 quatinus,
1134 705 1171 746 si
1198 705 1354 759 aliquis
1384 705 1596 759 parrechi·
1614 706 1794 768 Osssissssssiom

88 775 267 803 anorum
291 766 541 811 vestrorum,
562 767 638 802 aut
664 762 750 811 alii,
771 775 898 815 super
924 763 1260 816 possessionibus
1296 764 1395 813 suis,
1417 777 1523 817 quas
1550 763 1597 804 in
1614 749 1632 774 p
1700 760 1704 765 ’
1781 762 1803 769 ”

89 819 246 861 diocesi
265 824 409 860 vestra
429 824 572 860 tenere
592 824 839 868 noscuntur,
860 833 1014 861 vexare
1034 821 1364 875 praesumpserit,
1386 835 1460 862 vos
1482 835 1551 862 eos
1573 835 1598 862 a

88 877 328 919 temeritate
368 876 615 931 hujusmodi
655 877 886 931 episcopali
920 878 1172 919 auctoritate
1208 879 1287 919 sub
1312 879 1597 920 anathematis

88 934 353 976 districtione
394 935 648 976 omnimodis
689 935 978 989 compescatis,
1009 940 1052 976 et
1090 940 1322 977 memorato
1357 937 1521 977 Abbati
1555 942 1598 978 et

87 993 290 1034 fratribus
331 993 500 1034 easdem
540 1006 786 1034 conservare
826 993 1035 1034 studeatis
1071 999 1114 1034 et
1153 994 1335 1035 viriliter
1366 995 1595 1036 defensare.

87 1050 262 1101 Verum,
293 1050 330 1092 si
360 1051 435 1104 qui
466 1050 666 1091 adversus
697 1050 793 1091 illos
825 1064 952 1104 super
981 1051 1048 1091 his
1079 1065 1200 1105 agere
1231 1052 1338 1093 forte
1373 1052 1598 1102 voluerint,

89 1109 169 1149 sub
190 1109 387 1150 examine
408 1113 548 1149 vestro
569 1122 714 1149 secum
734 1107 888 1149 exinde
904 1108 1130 1162 judiciario
1152 1109 1300 1150 ordine
1314 1110 1598 1163 experiantur,

89 1179 168 1207 nec
189 1180 260 1207 eos
281 1180 408 1220 super
428 1166 646 1220 aliquibus
667 1165 1004 1220 possessionibus
1027 1167 1114 1207 suis
1136 1167 1219 1207 sibi
1239 1172 1315 1208 aut
1336 1168 1598 1208 Monasterio

90 1238 166 1265 suo
200 1224 273 1277 pia
313 1224 537 1265 devotione
578 1223 745 1265 collatis
785 1228 905 1264 extra
947 1224 1121 1264 Curiam
1161 1224 1505 1266 Ecclesiasticam
1546 1226 1599 1266 ad

90 1281 290 1322 saeeulare
331 1282 469 1322 forum
509 1281 654 1335 aliqua
694 1281 858 1322 ratione
907 1281 1020 1321 trahi
1070 1282 1341 1335 permittatis,
1382 1287 1457 1323 aut
1508 1284 1599 1337 ejus

84 1339 296 1393 judicium
337 1339 633 1393 quoquomodo
674 1339 825 1380 subire.
889 1338 936 1379 Si
976 1344 1120 1380 autem
1160 1340 1208 1380 in
1237 1340 1305 1381 his
1337 1341 1600 1394 exequendis

89 1397 351 1451 negligenter
367 1397 594 1438 extiteritis
611 1401 685 1438 aut
701 1396 879 1446 remissi,
892 1396 937 1437 id
953 1410 978 1437 a
994 1397 1115 1438 vobis
1134 1396 1256 1452 [163]
1278 1398 1395 1451 ipsis,
1412 1400 1599 1439 Auctore

88 1455 288 1508 Domino,
302 1455 472 1510 gravius
488 1455 762 1508 requiremus,
776 1459 818 1496 et
831 1455 1150 1507 praenominatis
1166 1456 1330 1496 Abbati
1342 1461 1385 1497 et
1398 1456 1599 1497 fratribus

87 1526 164 1566 per
184 1512 288 1554 alios
309 1526 430 1553 suam
452 1512 657 1554 faciemus
672 1512 888 1566 justitiam
905 1512 1108 1555 exhiberi.
1170 1514 1333 1555 Datum
1351 1514 1600 1564 Beneventi,

89 1570 168 1610 xiii
188 1570 271 1612 kal.
292 1570 553 1612 Decembris.

88 1719 296 1761 CCLVII.
326 1720 590 1761 LITTERAE·
610 1720 842 1762 DOMINI
863 1721 1033 1761 PAPAE
1053 1721 1330 1762 DIRECTAE
1361 1723 1597 1764 ROGERO

201 1786 678 1829 ARCHIEPISCOPO
729 1788 810 1828 DE
859 1788 1112 1829 DECIMIS
1162 1789 1460 1831 ECCLESIAE
1518 1791 1599 1831 DE

200 1853 573 1895 WELLEBRUN
576 1854 622 1895 E.

144 1944 403 1993 Alexander,
423 1945 672 1999 Episcopus,
693 1977 701 1986 .
725 1977 732 1985 .
755 1978 763 1986 .
787 1944 964 1999 Rogero,
977 1945 1100 1987 Ebor.
1122 1946 1465 2001 Archiepiscopo,
1487 1947 1598 2002 Apo·
1616 1965 1718 1992 severe

89 2002 249 2043 stolicae
271 2002 391 2043 Sedis
414 2003 570 2057 Legato
601 2036 609 2044 .
643 2036 651 2044 .
683 2036 691 2043 .
715 2002 826 2044 Cum
846 2003 914 2043 vir
935 2003 992 2044 sis
1013 2003 1231 2044 litteratus
1253 2009 1296 2045 et
1317 2005 1525 2046 discretus
1554 2011 1597 2047 et
1614 2000 1786 2065 ᾗξξξὸξὲῗξ

89 2060 274 2116 [noscas]
305 2066 516 2114 quantum
536 2065 580 2102 te
601 2061 748 2102 deceat
767 2061 1056 2114 pontificalem
1078 2062 1332 2103 modestiam
1354 2067 1396 2104 et
1417 2064 1592 2104 maturi-
1616 2068 1692 2126 Ροξθ
1705 2067 1790 2125 ΑΜΕ-(ἐ

89 2117 251 2159 tatem1
292 2131 469 2167 servare,
505 2132 632 2172 super
670 2119 899 2172 prudentia
940 2123 1015 2159 tua
1055 2119 1328 2161 vehementer
1367 2121 1523 2172 mirari,
1554 2126 1597 2163 et
1614 2107 1808 2166 ‘ffi‘ciiwissispff

88 2176 289 2217 adversus
310 2180 352 2216 te
369 2176 542 2226 moveri,
563 2176 869 2229 compellimur,
891 2176 1004 2230 quod
1026 2176 1137 2218 viros
1159 2177 1393 2232 Religiosos
1414 2179 1596 2220 nimium
1615 2168 1752 2227 ξὲῗξῖοῗῖ

89 2233 271 2287 affligere
303 2233 466 2283 diceris,
486 2234 688 2275 indebitis
719 2234 966 2287 perturbare
997 2234 1215 2284 molestiis,
1236 2236 1392 2290 quibus
1423 2238 1595 2279 deberes
1613 2235 1788 2301 ξξξζῑξξὲξξξ,

88 2292 289 2332 affectum
309 2290 590 2332 humanitatis
612 2296 655 2332 et
672 2291 820 2345 gratiae
840 2292 1050 2342 exhibere,
1066 2297 1108 2333 et
1129 2306 1274 2334 eorum
1289 2295 1385 2348 paci
1401 2299 1443 2336 et
1460 2296 1595 2349 quieti
1613 2288 1672 2348 siis
1686 2288 1814 2349 chond‘uct

89 2353 266 2402 paterna
290 2348 578 2390 sollicitudine
597 2349 827 2403 providere.
890 2350 1010 2391 Inter
1039 2354 1199 2401 caetera,
1220 2352 1444 2406 siquidem,
1466 2354 1596 2395 dilec-
1614 2336 1804 2396 tciiifffe‘iftiiie

89 2413 231 2447 torum
271 2406 457 2447 filiorum
497 2410 750 2456 nostrorum,
790 2407 971 2448 Abbatis
1011 2412 1055 2449 et
1093 2409 1274 2450 fratrum
1314 2410 1366 2452 de
1406 2411 1598 2453 Rievalle
1617 2403 1768 2430 mevam·

91 2464 401 2518 querimoniam
425 2478 596 2518 gravem
617 2465 864 2519 recepimus,
885 2465 998 2519 quod
1030 2479 1173 2507 eorum
1203 2468 1439 2509 Ecclesiam
1469 2469 1598 2511 inter-

92 2522 207 2563 dicto
229 2522 504 2576 supposuisti,
524 2523 754 2564 monachos
777 2523 1060 2565 comminatus
1081 2537 1125 2565 es
1147 2527 1600 2568 excommunicationis

92 2580 264 2621 vinculo
295 2580 509 2629 innodare,
534 2580 667 2621 donec
697 2580 867 2621 cuidam
898 2581 1048 2622 clerico
1079 2582 1145 2623 tui
1176 2583 1361 2625 decimas
1393 2585 1601 2639 compulsi

93 2638 181 2679 sint
200 2637 375 2679 reddere
392 2651 498 2692 quas
515 2638 566 2687 ei,
581 2638 786 2679 beneficio
807 2638 1128 2693 privilegiorum
1150 2654 1336 2691 suorum,
1353 2642 1602 2696 Apostolica

95 2695 224 2737 Sedes
254 2696 445 2736 noscitur
464 2696 701 2737 indulsisse.
765 2696 903 2746 Unde,
925 2710 1059 2750 quum
1088 2703 1290 2752 gravatus
1324 2699 1397 2741 es2
1426 2701 1602 2741 auctori-

136 2784 147 2804 ¹
170 2785 255 2817 This
285 2796 394 2817 seems
418 2788 455 2817 to
477 2785 520 2817 be
544 2785 604 2817 the
627 2786 710 2827 only
733 2796 808 2827 pos·
886 2786 1001 2818 which
1042 2787 1070 2818 is
1111 2788 1282 2829 certainly
1320 2789 1499 2822 incorrect.
1571 2790 1605 2822 If

92 2828 179 2860 sible
216 2829 406 2870 expansion
436 2828 472 2860 of
509 2829 569 2860 the
606 2829 810 2862 contracted
886 2834 1049 2870 yravatus
1064 2841 1096 2862 es
1111 2830 1154 2862 be
1169 2831 1263 2869 read,
1283 2842 1321 2863 as
1337 2833 1366 2863 it
1382 2833 1497 2864 would
1513 2843 1604 2865 seem

92 2871 189 2903 word
204 2871 319 2903 which
335 2883 455 2904 occurs
471 2871 562 2904 here.
887 2873 917 2904 it
933 2877 1036 2912 must,
1054 2873 1123 2905 and
1140 2874 1199 2906 the
1210 2875 1310 2906 usual
1320 2875 1495 2916 deponent
1507 2887 1605 2908 sense

137 2914 149 2933 ²
171 2914 256 2946 This
293 2915 322 2947 is
361 2916 504 2947 written
541 2920 706 2956 yravacus
751 2919 809 2954 est,
888 2915 925 2947 of
955 2916 1014 2948 the
1045 2916 1129 2948 verb
1159 2916 1201 2949 be
1232 2918 1408 2959 accepted,
1436 2929 1474 2950 30
1504 2930 1541 2951 as
1569 2924 1605 2952 to
