2033 3242
369 284 449 323 346
802 289 1114 321 GARTULARIUM
1133 289 1441 319 RIEVALLENSE.

366 397 473 439 terio
513 396 566 438 de
606 395 776 450 Ryvalx
815 394 1107 449 spectantibus
1157 397 1200 435 et
1248 393 1589 448 pertinentibus:
1639 405 1687 434 ac
1737 391 1881 434 omnia

367 454 595 510 mesuagia,
631 459 775 503 terras,
815 456 1073 502 tenementa,
1113 455 1249 505 prata,
1288 465 1478 505 pascuas,
1518 455 1726 505 pasturas,
1765 464 1879 491 com—

367 526 531 562 munas,
552 511 756 561 redditus,
776 510 1050 559 reversiones,
1075 509 1249 550 servitia
1279 513 1324 551 et
1352 509 1705 550 haereditamenta
1735 512 1880 549 nostra

367 584 646 625 quaecunque,
659 583 757 610 cum
770 568 1058 622 pertinenciis,
1073 567 1120 607 in
1134 566 1375 617 Billesdale,
1391 566 1615 621 Raysdale,
1628 565 1880 620 Helmesley

368 634 411 669 et
448 628 638 681 Haunby
673 627 720 667 in
755 626 870 667 dicto
907 626 1023 667 Com.
1056 628 1202 666 nostro
1237 625 1374 675 Ebor.,
1406 629 1450 666 et
1483 624 1588 666 alibi
1621 625 1880 678 ubicunque,

367 686 494 727 dictis
529 684 730 726 maneriis
761 684 814 725 de
845 683 1088 738 Byllesdale
1123 687 1167 724 et
1198 682 1423 736 Raysdale‚
1458 696 1533 724 seu
1565 696 1713 724 eorum
1743 681 1881 731 alteri,

367 757 538 798 quoquo
568 742 694 783 modo
724 741 1018 795 spectantibus
1049 741 1119 782 vel
1150 740 1477 795 pertinentibus,
1505 745 1580 781 aut
1610 744 1660 780 ut
1689 740 1881 781 membra

366 801 437 843 vel
482 800 668 855 parcella
708 800 939 841 eorundem
979 813 1057 840 seu
1096 812 1242 840 eorum
1282 798 1457 839 alterius
1497 797 1677 839 antehac
1722 797 1882 847 habita,

367 859 537 913 cognita
558 859 648 899 sive
672 862 871 912 reputata
896 857 1151 898 existentia:
1180 870 1230 898 ac
1260 856 1403 898 omnia
1433 855 1633 905 maneria,
1653 855 1882 909 mesuagia,

366 921 512 966 terras,
532 920 790 964 tenementa,
811 915 1067 964 molendina,
1099 918 1232 969 prata,
1262 928 1454 969 pascuas,
1484 918 1691 967 pasturas,
1721 913 1882 962 boscos,

368 975 624 1024 sub-boscos,
654 987 814 1028 parcos,
845 986 1098 1023 warrennas,
1127 977 1261 1022 vasta,
1292 985 1552 1022 communas,
1582 1004 1591 1013 .
1624 1004 1633 1013 .
1664 975 1696 1014 ‚1
1720 971 1883 1020 bruera,

367 1046 510 1086 aquas,
536 1032 661 1081 rivos,
682 1032 886 1080 redditus,
906 1031 1180 1080 reversiones,
1202 1030 1380 1072 servicia
1410 1029 1535 1079 feodi,
1556 1029 1710 1079 firmas,
1731 1028 1882 1069 annui-

366 1094 490 1139 tates,
511 1090 635 1131 feoda
655 1090 855 1139 militum,
876 1093 1075 1138 escaetaS,
1095 1089 1267 1138 relevia,
1289 1088 1428 1129 curias
1447 1087 1568 1137 letas,
1588 1087 1706 1128 visus
1728 1086 1882 1127 franci-

367 1148 510 1203 plegii,
527 1148 682 1189 catalla
697 1147 906 1196 waiviata,
925 1180 933 1188 .
951 1180 960 1188 .
978 1147 1010 1188 .1
1031 1160 1080 1187 ac
1096 1146 1239 1187 omnia
1255 1146 1339 1187 alia
1359 1146 1589 1195 libertates,
1611 1144 1884 1193 franchesias,

367 1210 411 1247 et
431 1205 783 1247 haereditamenta
803 1209 947 1246 nostra
968 1218 1244 1259 quaecunque,
1266 1217 1365 1245 cum
1385 1203 1672 1258 pertinenciis,
1689 1202 1736 1242 in
1755 1202 1884 1252 villis,

367 1263 579 1317 parochiis
626 1268 670 1305 et
718 1262 963 1304 hamelettis
1015 1263 1066 1303 de
1116 1262 1299 1316 Ryvalx,
1350 1261 1605 1316 Byllesdale,
1656 1259 1884 1314 Raysdale,

368 1321 630 1375 Helmesley,
652 1321 890 1374 Hawnbye,
912 1320 1055 1361 North
1075 1320 1298 1361 Allertone
1324 1324 1367 1360 et
1398 1320 1522 1369 Leke,
1543 1319 1590 1360 in
1620 1318 1734 1359 dicto
1767 1317 1882 1359 Com.

368 1384 514 1420 nostro
534 1379 671 1428 Ebor.,
692 1392 829 1432 nuper
850 1378 1113 1419 Monasterio
1144 1378 1196 1419 de
1218 1377 1390 1431 Ryvalx
1411 1390 1582 1431 quoquo
1613 1376 1738 1417 modo
1770 1389 1884 1429 spec-

368 1437 561 1478 tantibus
584 1436 654 1478 vel
674 1436 1000 1490 pertinentibus,
1022 1439 1096 1476 aut
1117 1435 1313 1490 parcellis
1344 1435 1640 1484 maneriorum,
1662 1438 1886 1482 terrarum,

368 1498 712 1535 tenementorum
754 1508 829 1535 seu
873 1494 1172 1534 reventionum
1221 1493 1412 1547 ejusdem
1453 1506 1591 1547 nuper
1631 1491 1885 1532 Monasterii

370 1552 654 1593 existentibus
678 1552 726 1592 in
757 1551 918 1593 eisdem
938 1551 1066 1600 villis,
1088 1551 1191 1592 adeo
1213 1552 1338 1605 plene
1370 1556 1412 1592 et
1443 1551 1618 1605 integre,
1639 1563 1687 1590 ac
1717 1549 1765 1589 in
1795 1553 1885 1589 tam

369 1610 525 1664 amplis
555 1609 680 1650 modo
712 1614 754 1651 et
784 1610 920 1650 forma
941 1614 1067 1663 prout
1088 1608 1339 1650 Roulandus
1362 1609 1558 1662 Blytone,
1580 1621 1716 1661 nuper
1736 1607 1884 1648 Abbas

369 1667 475 1708 dicti
505 1681 641 1721 nuper
672 1667 925 1708 Monasterii
956 1667 1008 1708 de
1039 1666 1221 1720 RyvaIX‚
1243 1670 1318 1707 aut
1348 1666 1504 1720 aliquis
1526 1665 1885 1720 praedecessorum

369 1739 555 1774 suorum,
584 1725 806 1766 Abbatum
837 1724 1029 1778 ejusdem
1058 1724 1323 1773 Monasterii,
1343 1724 1386 1764 in
1414 1725 1512 1777 jure
1543 1737 1680 1776 nuper
1709 1723 1884 1763 Monas-

369 1783 467 1824 terii
495 1783 626 1832 illius,
647 1783 791 1837 aliquo
822 1786 1010 1836 ternpore
1042 1787 1141 1823 ante
1173 1782 1496 1823 dissolutionem
1527 1781 1718 1835 ejusdem
1747 1793 1886 1833 nuper

370 1841 634 1890 Monasterii,
656 1841 800 1882 onmia
822 1845 864 1882 et
885 1839 1053 1894 singula
1073 1840 1275 1894 praedicta
1296 1839 1494 1888 maneria,
1517 1839 1725 1893 grangias,
1746 1842 1882 1878 terras

370 1903 616 1939 tenementa
637 1903 679 1940 et
701 1902 851 1940 caetera
871 1898 1089 1952 praemissa
1110 1898 1156 1938 in
1179 1898 1294 1939 Com.
1317 1900 1460 1937 nostro
1481 1896 1605 1937 Ebor.
1627 1896 1882 1944 habuerunt,

369 1960 601 1997 tenuerunt
632 1956 703 1997 vel
737 1956 874 2011 gavisi
909 1956 1095 2004 fuerunt,
1125 1955 1289 2004 habuit,
1317 1955 1458 1995 tenuit
1489 1953 1559 1995 vel
1585 1954 1757 2008 gavisus
1788 1952 1885 2002 fuit,

371 2028 447 2055 seu
476 2014 644 2063 habere,
665 2018 810 2055 tenere
830 2013 901 2055 vel
930 2013 1114 2068 gaudere
1145 2013 1385 2054 debuerunt
1415 2015 1491 2053 aut
1521 2011 1683 2060 debuit,
1706 2016 1748 2052 et
1780 2010 1884 2052 adeo

370 2072 497 2126 plene
534 2076 577 2113 et
611 2072 786 2126 integre,
820 2085 868 2113 ac
903 2072 950 2112 in
985 2075 1075 2112 tam
1107 2070 1260 2125 amplis
1296 2070 1421 2111 modo
1458 2074 1500 2111 et
1522 2070 1657 2110 forma
1686 2072 1815 2122 prout
1836 2082 1885 2109 ea

371 2130 514 2170 omnia
545 2134 588 2170 et
618 2130 786 2184 singula
816 2129 871 2170 ad
901 2143 1054 2170 manus
1085 2133 1264 2178 nostras,
1287 2128 1452 2168 ratione
1483 2131 1526 2169 et
1556 2130 1767 2181 praetextu
1798 2126 1884 2167 dis-

371 2187 596 2228 solutionis
637 2188 830 2241 ejusdem
870 2201 1007 2241 nuper
1046 2186 1301 2227 Monasterii
1341 2185 1393 2226 de
1434 2185 1615 2240 Ryvalx,
1650 2184 1722 2226 vel
1761 2184 1886 2225 aliter

370 2259 625 2298 quocunque
665 2245 803 2293 modo,
838 2245 1104 2286 devenerunt
1143 2248 1186 2285 et
1226 2244 1425 2286 devenire
1466 2243 1717 2292 debuerunt,
1754 2256 1803 2283 ac
1838 2241 1885 2282 in

370 2303 569 2343 manibus
599 2303 753 2344 nostris
784 2303 875 2356 jam
911 2303 1104 2344 existunt
1140 2307 1184 2343 et
1223 2302 1404 2343 existere
1445 2300 1884 2349 debent—-Habenda,

372 2360 569 2409 tenenda,
590 2364 633 2401 et
653 2360 877 2414 gaudenda
897 2361 1040 2401 omnia
1061 2364 1103 2401 et
1124 2359 1294 2414 singula
1314 2358 1517 2413 praedicta
1537 2359 1646 2400 situs
1673 2358 1885 2399 dictorum

372 2431 509 2471 nuper
541 2417 899 2459 Monasteriorum
941 2418 992 2459 de
1035 2418 1248 2459 Croxtona
1288 2422 1331 2458 et
1367 2417 1548 2470 Ryvalx,
1584 2430 1632 2457 ac
1669 2416 1812 2457 omnia
1842 2418 1885 2456 et

372 2475 540 2529 singula
569 2475 774 2529 praedicta
809 2476 1010 2525 dominia,
1041 2477 1240 2524 maneria,
1271 2475 1484 2524 rectorias,
1504 2473 1711 2528 grangias,
1742 2477 1884 2522 terras,

371 2538 627 2582 tenementa,
658 2533 914 2582 molendina,
935 2533 1141 2582 redditus,
1162 2532 1431 2581 reversiones,
1454 2532 1638 2581 servitia,
1661 2536 1704 2572 et
1731 2534 1883 2572 caetera

373 2591 516 2632 omnia
547 2594 589 2631 et
610 2590 777 2645 singula
798 2591 1016 2645 praemissa
1038 2591 1231 2644 superius
1258 2603 1456 2644 expressa
1488 2594 1530 2630 et
1561 2589 1813 2643 specificata,
1835 2601 1883 2629 ac

372 2662 448 2702 per
468 2652 696 2702 praesentes
718 2648 817 2689 data
839 2653 882 2689 et
903 2662 1112 2698 concessa,
1135 2662 1232 2689 cum
1253 2647 1529 2702 pertinenciis
1552 2648 1640 2688 suis
1663 2646 1883 2694 universis,

372 2707 550 2760 praefato
580 2706 763 2755 Thomae,
796 2706 954 2747 Comiti
984 2706 1186 2755 Rutland,
1218 2710 1261 2747 et
1290 2705 1489 2746 Dominae
1519 2705 1740 2753 Elienorae,
1761 2702 1883 2744 uxori

373 2764 476 2817 ejus,
498 2777 546 2804 ac
576 2763 815 2805 haeredibus
847 2767 890 2804 et
919 2763 1147 2817 assignatis
1178 2763 1313 2817 ipsius
1346 2762 1536 2812 Comitis,
1566 2762 1884 2815 imperpetuum

373 2821 558 2864 tenenda
588 2821 639 2863 (16
670 2821 804 2871 nobis,
836 2821 1061 2862 heredibus
1092 2826 1135 2862 et
1165 2821 1476 2862 successoribus
1508 2820 1676 2868 nost-ris,
1697 2832 1773 2872 per
1805 2831 1885 2859 ser-

372 2879 477 2919 vitia
510 2879 638 2920 unius
674 2878 789 2920 feodi
824 2878 988 2927 militis,
1024 2893 1073 2919 ac
1108 2878 1322 2919 reddendo
1355 2877 1455 2919 inde
1491 2877 1714 2919 annuatim
1749 2875 1885 2925 nobis,

1039 2951 1051 2971 ¹
1074 2951 1247 2994 Illegible.
