2033 3242
395 297 477 335 368
834 302 1146 334 GARTULARIUM
1167 303 1474 334 RIEVALLENSE.

395 409 652 449 sacramentis
691 407 977 455 ecclesiasticis,
1005 406 1158 458 aliquid.
1196 407 1393 458 exigatur,
1432 407 1673 450 inhibemus.
1751 407 1794 446 Si
1823 408 1913 459 quis

394 469 530 504 autem
550 461 825 502 contravenire
845 460 1154 512 praesumpserit,
1176 462 1403 512 portionem
1432 474 1521 500 cum
1541 461 1655 501 Giezi
1684 474 1725 501 se
1753 461 1913 501 noverit

393 518 640 565 habiturum,
659 516 774 567 cujus
795 515 947 554 factum
967 515 1176 553 exactione
1195 515 1373 553 muneris
1392 514 1585 554 imitatur.
1643 515 1912 555 Prohibemus

392 574 557 624 insuper
575 584 627 610 ne
646 570 696 609 ab
717 569 913 620 episcopis
932 568 997 608 vel
1026 568 1249 617 abbatibus,
1273 568 1411 607 aliisve
1439 569 1617 620 praelatis
1645 570 1740 608 novi
1769 583 1910 609 census

392 627 653 678 imponantur
672 623 859 672 ecclesiis,
881 636 954 662 nec
973 626 1131 662 veteres
1150 627 1385 674 augeantur,
1407 635 1479 662 nec
1498 627 1654 674 partem
1677 623 1911 663 reddituum

391 681 473 720 suis
493 680 631 719 usibus
653 678 911 729 appropriare
930 681 1177 728 praesumant
1191 691 1203 725 3
1233 676 1303 716 sed
1330 676 1561 716 libertatem
1589 690 1710 728 quam
1738 678 1912 729 majores

390 735 467 774 sibi
487 732 638 773 servari
656 731 888 770 desiderant
907 731 1151 769 minoribus1
1181 730 1262 769 suis
1290 731 1396 769 bona
1425 730 1633 770 voluntate
1659 737 1908 771 conservent.

392 789 434 828 Si
454 788 543 839 quis
564 791 699 826 autem
719 785 836 824 aliter
855 785 992 836 egerit,
1014 784 1175 823 irritum
1196 784 1305 836 quod
1324 785 1466 824 fecerit
1483 784 1692 824 habeatur.

446 898 508 935 11.
540 905 630 934 ΧΙΧ.
665 892 745 947 [7¹³]
776 892 976 941 Quoniam
1008 892 1187 931 Ecclesia
1223 892 1300 931 Dei
1334 892 1377 930 in
1414 891 1478 930 his
1511 905 1599 943 quae
1637 897 1820 943 spectant
1858 893 1908 932 ad

391 949 617 990 subsidium
654 947 842 999 corporis,
883 951 924 985 et
960 947 1002 985 in
1041 946 1119 985 hiis
1166 960 1255 997 quae
1299 946 1350 984 ad
1397 946 1621 997 profectum
1667 947 1910 997 proveniunt

390 1005 625 1050 animarum,
661 1001 938 1053 indigentibus
976 1001 1079 1039 sicut
1117 1000 1183 1052 pia
1220 1004 1349 1038 mater
1387 1000 1598 1051 providere
1631 1005 1829 1048 teneatur,
1858 1014 1909 1040 ne

389 1058 645 1111 pauperibus,
668 1056 737 1106 qui
770 1059 984 1107 parentum
1017 1054 1159 1105 opibus
1186 1053 1322 1104 juvari
1351 1067 1433 1093 non
1466 1058 1646 1105 possunt,
1678 1054 1839 1106 legendi
1868 1060 1909 1094 et

391 1111 623 1165 proficiendi
665 1109 772 1149 desit
810 1108 1101 1161 opportunitas,
1147 1122 1218 1159 per
1259 1121 1582 1159 unamquamque
1627 1108 1908 1147 Cathedralem

390 1166 609 1207 Ecclesiam
645 1164 850 1215 magistro,
892 1163 961 1214 qui
999 1162 1161 1201 clericos
1200 1162 1383 1213 ejusdem
1422 1162 1595 1200 ecclesiae
1635 1166 1675 1200 et
1714 1175 1910 1213 pauperes

391 1221 591 1261 scholares
624 1219 748 1270 gratis
777 1217 931 1265 doceat,
961 1221 1193 1268 competens
1222 1216 1375 1267 aliquid
1403 1216 1641 1255 beneficium
1669 1216 1906 1267 praebeatur,

391 1289 470 1327 quo
501 1273 683 1314 docentis
709 1272 926 1311 necessitas
952 1270 1198 1319 sublevetur,
1235 1275 1276 1309 et
1308 1270 1556 1309 discentibus
1589 1270 1655 1308 via
1686 1274 1824 1321 pateat
1856 1270 1908 1309 ad

390 1329 626 1369 doctrinam.
683 1326 734 1365 In
753 1326 841 1365 aliis
870 1338 1028 1376 quoque
1056 1325 1296 1363 instituatur
1324 1324 1509 1372 ecclesiis,
1532 1324 1565 1362 si
1585 1324 1794 1362 retroactis
1813 1328 1911 1363 tem-

390 1384 554 1436 poribus
570 1380 723 1432 aliquid
742 1380 785 1418 in
801 1380 856 1418 eis
873 1379 924 1418 ad
939 1379 1014 1418 hoc
1029 1379 1154 1417 fuerit
1166 1378 1416 1430 deputatum.
1466 1378 1546 1417 Pro
1561 1377 1724 1416 licentia
1739 1377 1909 1417 docendi

391 1438 525 1477 nullus
558 1435 721 1475 omnino
754 1433 931 1486 pretium
964 1433 1110 1484 exigat,
1141 1432 1206 1472 vel
1239 1433 1315 1471 sub
1348 1433 1519 1471 obtentu
1552 1431 1719 1483 alicujus
1749 1445 1910 1471 consue-

390 1491 544 1532 tudinis
574 1490 623 1529 ab
651 1489 714 1527 his
744 1488 812 1539 qui
841 1487 988 1526 docent
1016 1486 1168 1537 aliquid
1197 1491 1374 1537 quaerat:
1412 1499 1487 1525 nec
1516 1485 1658 1525 docere
1679 1499 1909 1537 quenquam

392 1561 444 1586 ex
462 1546 591 1597 petita
610 1542 783 1589 licentia,
806 1541 875 1592 qui
895 1541 948 1580 sit
968 1541 1146 1588 idoneus,
1168 1540 1394 1579 interdicat.
1454 1540 1532 1588 Qui
1560 1553 1655 1579 vero
1676 1545 1815 1579 contra
1834 1540 1909 1579 hoc

391 1601 528 1640 venire
548 1596 858 1651 praesumpserit,
878 1609 901 1633 a
920 1595 1112 1634 beneficio
1133 1594 1398 1633 ecclesiastico
1418 1595 1489 1632 fiat
1507 1594 1672 1633 alienus.
1730 1594 1912 1645 Dignum

391 1654 556 1706 quidem
589 1664 674 1691 esse
706 1650 869 1689 videtur
901 1653 947 1687 ut
980 1649 1022 1687 in
1054 1648 1231 1687 Ecclesia
1263 1648 1340 1687 Dei
1374 1648 1521 1687 laboris
1555 1649 1618 1687 sui
1651 1661 1734 1687 non
1763 1648 1910 1687 habeat

391 1709 576 1761 pretium,
599 1705 667 1757 qui
687 1703 901 1756 cupiditati
920 1702 1044 1741 animi
1072 1703 1169 1741 dum
1200 1702 1341 1741 vendit
1367 1702 1572 1741 licentiam
1601 1701 1735 1751 dandi,
1759 1702 1910 1741 ecclesi-

390 1763 560 1803 asticum
578 1759 801 1812 profectum
822 1757 969 1796 nititur
987 1756 1191 1807 impedire.

448 1873 509 1909 12.
541 1879 614 1907 XX.
646 1866 851 1905 Presbiter
888 1865 971 1903 sive
1010 1864 1188 1903 Clericus
1227 1863 1295 1914 qui
1334 1863 1539 1902 ecclesiam
1574 1876 1644 1914 per
1672 1863 1793 1901 laicos
1821 1862 1908 1901 sine

391 1924 630 1964 auctoritate
650 1919 838 1971 Episcopi
866 1919 1072 1969 receperit,
1095 1923 1137 1957 et
1165 1917 1443 1956 communione
1472 1917 1664 1968 privetur,
1688 1922 1738 1964 et,
1762 1917 1794 1955 si
1824 1929 1909 1968 per-

393 1979 554 2025 stiterit,
573 1991 596 2015 a
614 1974 837 2014 ministerio
859 1972 1030 2012 ecclesiae
1052 1977 1091 2011 et
1111 1971 1250 2010 ordine
1270 1971 1526 2021 deponatur.2
1583 1970 1685 2009 Sane
1706 1971 1800 2021 quia
1818 1970 1908 2009 laici

393 2033 558 2084 quidam
578 2028 860 2069 ecclesiasticas
880 2040 1079 2078 personas,
1104 2030 1144 2064 et
1163 2026 1269 2076 ipsos
1287 2025 1408 2064 etiam
1428 2025 1643 2076 episcopos,
1662 2024 1816 2075 judicio
1837 2037 1907 2063 suo

393 2092 498 2126 stare
518 2083 775 2135 compellunt,
791 2095 856 2121 eos
872 2081 942 2132 qui
962 2081 1011 2119 de
1032 2084 1174 2119 caetero
1194 2079 1236 2117 id
1251 2079 1577 2130 praesumpserint
1592 2092 1614 2116 a
1630 2078 1908 2117 communione

393 2141 573 2180 fidelium
606 2137 854 2177 decernimus
888 2134 1162 2186 segregandos.
1227 2133 1493 2171 Prohibemus
1523 2132 1687 2183 insuper
1720 2146 1771 2171 ne
1804 2132 1905 2180 laici,

393 2209 484 2234 cum
513 2193 736 2233 animarum
761 2203 922 2228 suarum
951 2188 1127 2240 periculo
1156 2187 1327 2226 decimas
1349 2186 1587 2234 detinentes,
1610 2187 1650 2224 in
1671 2186 1769 2224 alios
1789 2185 1907 2225 laicos

393 2249 549 2300 possint
586 2246 720 2296 aliquo
753 2243 873 2282 modo
911 2242 1140 2281 transferre.
1212 2241 1256 2280 Si
1288 2241 1375 2292 quis
1411 2239 1471 2294 [8]
1505 2254 1601 2279 vero
1634 2240 1828 2291 receperit
1867 2245 1908 2278 et

394 2302 568 2342 ecclesiae
596 2313 677 2338 non
705 2297 939 2345 reddiderit,
970 2296 1200 2335 Christiana
1228 2295 1436 2346 sepultura
1463 2295 1655 2345 privetur.
1694 2294 1904 2341 Praeterea,

394 2356 504 2408 quod
541 2356 583 2393 in
611 2357 771 2392 tantum
799 2351 991 2390 laicorum
1023 2348 1275 2401 quorundam
1306 2349 1498 2400 processit
1529 2347 1693 2387 audacia
1724 2352 1781 2396 ut,
1817 2348 1908 2398 Epi-

395 2422 606 2461 scoporum
637 2405 876 2445 auctoritate
907 2408 1052 2455 spreta,
1089 2403 1251 2443 clericos
1285 2403 1533 2441 constituant
1570 2403 1612 2441 in
1651 2402 1836 2450 ecclesiis,
1867 2406 1906 2440 et

393 2466 640 2509 removeant,
673 2464 725 2508 et,
760 2473 850 2498 cum
876 2459 1090 2506 voluerint,
1122 2457 1388 2509 possessiones
1415 2469 1572 2507 quoque
1611 2455 1905 2503 ecclesiasticas,

394 2523 514 2569 atque
534 2516 612 2555 alia
639 2513 904 2553 ecclesiastica
932 2513 1048 2560 bona,
1070 2525 1141 2563 pro
1175 2525 1246 2550 sua
1273 2511 1482 2550 voluntate
1511 2510 1747 2561 plerumque
1776 2509 1908 2548 distri-

394 2573 532 2619 buant,
555 2574 596 2609 et
615 2573 698 2607 tam
719 2567 900 2606 ecclesias
920 2566 1007 2605 illas
1028 2579 1147 2617 quam
1167 2565 1390 2604 sacerdotes
1414 2564 1551 2603 tailliis
1572 2568 1612 2602 et
1631 2563 1906 2603 exactionibus

394 2638 560 2678 gravare
579 2626 946 2675 praesumant—eos
966 2620 1035 2671 qui
1055 2634 1077 2658 a
1097 2619 1216 2658 modo
1245 2619 1323 2657 ista
1352 2618 1622 2658 commiserint
1651 2617 1905 2656 anathemate

393 2680 582 2720 duximus
601 2675 812 2716 feriendos.

449 2789 508 2827 13.
541 2795 633 2825 XXI.
675 2782 779 2822 Cum
817 2781 859 2819 in
898 2781 1033 2819 officiis
1072 2780 1247 2819 caritatis
1285 2779 1414 2831 primo
1453 2779 1538 2818 loco
1582 2784 1790 2817 teneamur
1825 2777 1906 2816 illis

393 2840 568 2889 obnoxii,
590 2853 614 2878 a
633 2837 779 2890 quibus
807 2835 1043 2874 beneficium
1072 2847 1144 2873 nos
1174 2834 1446 2885 cognoscimus
1481 2833 1685 2884 accepisse,
1709 2845 1729 2871 e
1756 2835 1903 2878 contra,

738 2923 750 2942 1
775 2922 864 2961 Quos
881 2921 1037 2953 inserted
1054 2921 1147 2960 here,
1167 2920 1233 2952 but
1249 2920 1380 2961 clearly
1397 2920 1432 2951 in
1450 2930 1556 2951 error.

738 2966 751 2986 2
776 2966 1011 3006 Deponancur.
