2033 3242
843 281 1075 313 APPENDIX.
1640 271 1691 310 37
1701 272 1719 310 1

205 386 377 438 eligatur
397 391 437 425 et
451 391 625 438 ponatur
645 400 819 426 assensu.
869 386 912 425 Si
928 391 1062 425 autem
1082 385 1157 424 hoc
1178 385 1262 424 sine
1278 384 1463 423 scandalo
1484 398 1568 423 esse
1587 383 1724 435 nequi-

204 441 319 489 verit,
343 440 502 480 ordinet
521 440 705 480 Antistes
726 441 930 480 ecclesiam
951 441 1055 479 sicut
1074 440 1215 478 melius
1245 452 1333 478 eam
1352 439 1571 478 secundum
1590 438 1724 476 Deum

204 494 353 534 viderit
381 495 658 534 ordinandam.
716 495 830 534 Idem
860 495 982 533 etiam
1010 495 1142 546 ipsum
1171 494 1302 542 faciat,
1325 493 1359 532 si
1378 493 1428 532 de
1456 493 1545 544 jure
1565 497 1726 543 patron-

204 555 294 587 atus
317 549 485 600 quaestio
506 549 615 588 inter
643 549 797 601 aliquos
817 548 1036 597 emerserit,
1057 549 1091 587 si
1112 546 1178 601 [ab
1200 547 1285 601 illo]
1315 547 1378 587 cui
1398 551 1601 599 competat
1620 546 1726 584 infra

204 602 306 642 duos
317 614 481 642 ‘menses
500 617 582 642 non
601 603 724 642 fuerit
738 603 963 642 diffinitum.

263 721 322 759 19.
354 730 493 758 XXVII.
528 719 631 768 Quia
649 720 691 758 in
711 726 871 758 tantum
891 718 1142 771 quorundam
1163 718 1355 770 processit
1374 717 1541 757 ambitio
1562 722 1608 755 ut
1627 715 1726 754 duas

205 773 270 812 vel
298 779 392 821 tres,
415 780 476 813 set
505 778 545 812 et
574 788 644 813 sex
673 779 715 812 et
742 774 876 824 plures
904 772 1230 826 per[h]ibeantur
1248 773 1395 811 habere
1424 771 1618 819 ecclesias,
1637 783 1727 809 cum

205 841 278 866 nec
304 827 459 867 duabus
480 828 636 879 possint
664 828 842 867 debitam
861 828 1131 878 provisionem
1159 827 1402 878 impendere,
1423 839 1494 877 per
1513 826 1657 864 fratres
1687 828 1728 862 et

206 882 411 933 episcopos
448 887 608 921 nostros
644 882 720 921 hoc
754 881 957 921 emendari
989 882 1272 932 praecipimus,l
1304 886 1345 919 et
1377 880 1428 919 de
1466 878 1728 918 multitudine

207 936 425 975 canonibus
459 936 632 984 inimica,
668 950 755 987 quae
790 935 1063 974 dissolutionis
1099 941 1139 974 et
1167 934 1392 986 vagationis
1422 933 1632 972 materiam
1671 932 1728 970 in-

206 990 329 1038 ducit,
352 995 393 1029 et
413 995 567 1029 certum
588 991 767 1029 continet
790 990 1014 1028 animarum
1033 989 1266 1041 periculum,
1290 994 1331 1027 et
1351 988 1407 1027 eis
1421 989 1436 1012 2
1465 988 1533 1038 qui
1554 986 1729 1026 ecclesiis

207 1044 408 1084 deservire
428 1045 590 1084 valeant
609 1044 813 1096 assignari,
832 1049 879 1082 ut
899 1057 1038 1082 eorum
1058 1044 1184 1095 possit
1203 1043 1428 1094 indigentia
1447 1041 1657 1081 sublevari.

264 1171 325 1208 20.
356 1179 516 1207 XXVIII.
548 1169 652 1208 Cum
681 1169 902 1220 Apostolus
932 1181 973 1207 se
1003 1173 1044 1207 et
1073 1181 1165 1206 suos
1194 1167 1379 1205 manibus
1408 1166 1579 1217 propriis
1600 1166 1732 1204 decre-

208 1223 314 1262 verit
334 1223 595 1271 exhibendos,
611 1228 659 1262 ut
678 1223 809 1262 locum
830 1222 1075 1274 praedieandi
1095 1222 1272 1261 auferret
1296 1220 1669 1272 pseudo-apostolis,
1691 1223 1732 1257 et

209 1278 297 1316 aliis
331 1277 478 1328 quibus
511 1277 756 1329 praedicabat
784 1290 867 1316 non
897 1277 1091 1315 existeret
1123 1277 1347 1323 onerosus,3
1376 1276 1521 1326 prave4
1549 1273 1668 1312 nimis
1691 1278 1732 1311 et

209 1332 489 1370 emendatione
521 1344 606 1370 esse
641 1332 810 1382 dignum
843 1331 1077 1378 dinoscitur,
1101 1330 1209 1381 quod
1238 1329 1403 1380 quidam
1423 1328 1612 1366 Fratrum
1646 1340 1734 1365 nos-

208 1390 365 1425 trorum
394 1385 745 1437 Co-episcoporum
778 1385 835 1423 ita
872 1398 1014 1436 graves
1052 1385 1095 1422 in
1127 1384 1409 1434 procuratione
1444 1382 1616 1421 subditis
1651 1381 1733 1419 suis

208 1440 403 1488 existunt,
424 1444 481 1488 ut,
505 1453 577 1491 pro
606 1439 842 1490 hujusmodi
871 1453 988 1477 causa
1017 1438 1223 1476 interdum
1252 1437 1509 1476 ornamenta5
1540 1435 1648 1489 [Iob]
1676 1448 1734 1474 ec-

209 1494 431 1533 clesiastica
464 1493 648 1532 subditos
686 1507 885 1544 exponere
924 1492 1179 1544 compellant,
1212 1497 1259 1530 ut
1296 1492 1407 1542 longi
1435 1491 1627 1542 temporis
1656 1490 1734 1527 vic-

209 1553 299 1587 tum
327 1548 460 1587 brevis
489 1548 588 1586 hora
609 1552 827 1587 consumat.
887 1547 1092 1595 Quocirca,
1115 1546 1305 1598 praesenti
1326 1546 1487 1584 decreto
1517 1544 1733 1583 statuimus

210 1602 319 1654 quod
360 1602 665 1653 Archiepiscopi
712 1615 784 1652 per
831 1601 1061 1652 parrochias
1108 1600 1341 1646 visitandas,
1382 1613 1454 1650 pro
1497 1599 1733 1637 diversitate

210 1657 520 1708 provinciarum,
542 1656 586 1694 xl
604 1656 670 1695 vel
688 1656 702 1694 1
723 1656 941 1695 evectionis
968 1654 1052 1708 [sic]
1073 1655 1250 1694 habeant
1278 1667 1491 1692 numerum
1508 1668 1518 1701 ;
1547 1652 1735 1703 Episcopi

210 1724 306 1750 vero
326 1725 384 1749 xx
403 1715 475 1749 aut
493 1725 580 1748 xxx
596 1725 607 1759 3
636 1710 871 1749 Cardinales
905 1723 1001 1748 vero
1035 1723 1092 1747 xx
1121 1715 1191 1747 aut
1225 1722 1309 1746 xxv
1342 1721 1594 1758 nequaquam
1625 1720 1736 1745 exce-

210 1765 312 1803 dant
327 1780 338 1814 3
367 1764 652 1803 Archidiaconi
672 1778 698 1803 v
718 1765 782 1803 vel
812 1764 896 1813 vii3
925 1764 1078 1802 Decani
1107 1777 1203 1802 vero
1234 1762 1446 1801 constituti
1477 1762 1550 1800 sub
1579 1761 1676 1811 ipsis
1705 1760 1734 1798 ii

211 1819 324 1870 equis
339 1820 518 1857 contenti
534 1819 712 1857 existant
730 1835 737 1857 :
768 1831 841 1857 nec
857 1832 947 1857 cum
968 1818 1132 1856 canibus
1151 1815 1405 1869 venatori[i]s
1418 1815 1732 1867 proficiscantur,

212 1879 284 1912 aut
303 1873 444 1912 avibus
461 1888 470 1921 ;
501 1877 562 1911 set
581 1873 638 1912 ita
658 1873 879 1924 procedant
898 1878 945 1910 ut
964 1885 1046 1911 non
1067 1885 1155 1922 quae
1184 1884 1256 1909 sua
1285 1877 1390 1918 sunt,
1415 1876 1476 1909 set
1496 1883 1583 1920 quae
1604 1869 1735 1907 Jhesu

212 1927 364 1966 Christi
398 1927 615 1966 videantur
653 1940 841 1978 quaerere.
915 1926 1182 1967 Prohibemus
1216 1925 1337 1963 etiam
1358 1937 1408 1962 ne
1429 1924 1613 1962 subditos
1643 1936 1735 1961 suos

211 1981 350 2020 tailliis
369 1981 435 2020 vel
458 1981 737 2020 exactionibus
757 1980 947 2032 Episcopi
977 1993 1144 2031 gravare
1175 1983 1433 2030 praesumant.
1508 1977 1734 2017 Statuimus

213 2036 337 2075 etiam
355 2049 427 2086 pro
447 2036 585 2074 multis
605 2035 913 2074 necessitatibus
934 2048 1022 2085 quae
1042 2034 1283 2084 aliquotiens
1313 2032 1612 2083 superveniunt.
1635 2037 1683 2070 ut
1702 2031 1736 2069 si

212 2090 428 2128 manifesta
467 2094 508 2128 et
545 2089 796 2128 rationabilis
836 2102 954 2127 causa
992 2088 1152 2136 existat,
1193 2088 1236 2126 in
1275 2087 1442 2126 caritate
1480 2086 1734 2125 moderatum

213 2144 375 2182 valeant
395 2144 444 2182 ab
464 2144 560 2194 ipsis
582 2143 777 2182 auxilium
801 2143 1015 2193 postulare.
1075 2142 1178 2180 Cum
1211 2147 1347 2179 tamen
1377 2141 1486 2179 dicat
1513 2139 1734 2191 Apostolus

213 2212 295 2236 non
324 2197 500 2236 debent6
530 2197 602 2236 filii
622 2210 861 2248 congregare
881 2196 1126 2247 parentibus,
1150 2201 1210 2235 set
1230 2200 1416 2247 parentes
1436 2195 1539 2243 filiis,
1561 2194 1735 2232 multum

213 2252 332 2303 longe
362 2252 483 2290 etiam
512 2265 535 2290 a
563 2256 731 2303 paterna
758 2251 909 2302 pietate
939 2250 1100 2289 videtur
1126 2250 1159 2288 si
1188 2250 1401 2301 Praepositi
1432 2249 1623 2300 subjectis
1653 2248 1734 2286 suis

214 2319 356 2358 graves
403 2305 592 2354 existant,
634 2319 732 2356 quos
779 2305 822 2343 in
869 2305 1022 2343 cunctis
1070 2304 1375 2343 necessitatibus
1414 2303 1586 2354 posteris
1624 2315 1735 2340 more

214 2365 428 2411 parentum
456 2359 606 2398 debent
634 2358 803 2398 fovere.⁷
857 2359 1142 2397 Archidiaconi
1171 2372 1277 2406 vero,
1303 2358 1387 2397 sive
1418 2358 1581 2405 Decani,
1603 2357 1735 2395 nullas

216 2414 445 2453 exactiones
479 2414 563 2452 sive
595 2414 742 2452 taillias
775 2413 818 2451 in
853 2413 1094 2464 presbiteros
1128 2426 1199 2451 seu
1233 2412 1392 2451 clericos
1426 2425 1610 2451 exercere
1640 2424 1736 2462 prae-

216 2473 387 2507 sumant.
446 2467 552 2507 Sane
581 2467 631 2506 de
669 2467 861 2519 praedicto
897 2481 1066 2506 numero
1100 2467 1329 2514 evectionis,
1362 2466 1582 2505 secundum
1619 2465 1736 2504 toler-

261 2555 274 2575 1
297 2554 540 2595 Proecz'pz‘mur.
1059 2560 1072 2579 ⁵
1098 2555 1314 2588 ornamenta.

261 2598 274 2617 2
297 2599 358 2630 All
374 2599 446 2630 this
469 2599 578 2630 latter
594 2600 676 2640 part
699 2598 736 2629 of
765 2598 827 2630 the
849 2609 938 2640 copy
1060 2623 1073 2643 6

218 2642 248 2674 15
272 2653 310 2673 50
333 2642 517 2683 obviously
541 2641 714 2673 defective
735 2652 773 2673 or
796 2645 940 2683 corrupt
1094 2624 1235 2657 DCbeat'

217 2686 299 2718 that
311 2686 411 2717 there
427 2696 537 2717 seems
554 2689 591 2717 to
606 2685 649 2717 be
665 2696 710 2716 no
722 2686 883 2727 opening,
901 2696 939 2716 or
1059 2684 1072 2704 ⁷
1096 2684 1180 2715 This
1240 2684 1270 2714 is
1332 2681 1516 2723 obviously
1576 2684 1729 2722 corrupt.

218 2729 365 2762 obvious
375 2729 578 2771 suggestion
590 2739 689 2768 even,
704 2728 759 2760 for
772 2728 938 2771 probable
1016 2727 1192 2759 Whether
1215 2727 1276 2758 the
1300 2725 1397 2758 word
1424 2723 1566 2766 posteris
1597 2725 1627 2756 is
1652 2725 1733 2756 mis-

219 2773 467 2804 emendation:
496 2772 566 2804 and
589 2772 650 2804 the
673 2782 769 2804 same
799 2772 938 2804 remark
1017 2771 1172 2809 written,
1200 2781 1239 2801 or
1266 2780 1359 2802 some
1385 2769 1552 2811 genitive,
1583 2768 1667 2799 such
1696 2779 1734 2799 as

219 2816 355 2891 appljgs
370 2818 409 2848 to
425 2815 492 2848 No.
512 2825 616 2848 XXIX.
1012 2818 1211 2865 parentum,
1230 2814 1260 2888 ifs
1272 2812 1497 2888 pmittedhor
1513 2812 1612 2843 there
1633 2811 1665 2886 (115
1689 2822 1734 2860 an

342 2870 510 2891 onerosus.
1017 2868 1182 2890 omisslon
1209 2868 1228 2888 o
1290 2867 1344 2888 wo
1366 2866 1405 2888 or
1446 2866 1531 2886 =1ree
1558 2865 1631 2886 wor
1658 2865 1684 2893 s,
1704 2865 1734 2886 15

262 2902 277 2922 4
299 2903 335 2935 It
351 2903 380 2934 is
396 2913 434 2935 so
446 2903 600 2935 written.
650 2903 807 2935 Pravum
822 2902 940 2934 would
1016 2904 1080 2933 not
1095 2901 1204 2942 easily
1222 2899 1370 2932 decided
1385 2913 1394 2939 ;
1416 2899 1483 2931 but
1506 2898 1567 2931 thc
1590 2898 1736 2940 reading

218 2957 351 2988 appear
366 2949 404 2979 to
420 2946 463 2978 be
480 2947 540 2979 the
556 2946 674 2979 better
688 2946 844 2989 reading.
1016 2944 1171 2987 adopted
1187 2944 1307 2976 makes
1324 2953 1432 2975 sense.
