<?xml version="1.0" encoding="UTF-8"?>
<!DOCTYPE html PUBLIC "-//W3C//DTD XHTML 1.0 Transitional//EN"
    "http://www.w3.org/TR/xhtml1/DTD/xhtml1-transitional.dtd">
<html xmlns="http://www.w3.org/1999/xhtml" xml:lang="en" lang="en">
 <head>
  <title>
</title>
<meta http-equiv="Content-Type" content="text/html;charset=utf-8" />
  <meta name='ocr-system' content='tesseract 3.04.00' />
  <meta name='ocr-capabilities' content='ocr_page ocr_carea ocr_par ocr_line ocrx_word'/>
</head>
<body>
  <div class='ocr_page' id='page_1' title='image "./cartulariumabbat00riev_0549.png"; bbox 0 0 2033 3242; ppageno 0'>
   <div class='ocr_carea' id='block_1_1' title="bbox 773 304 1643 340">
    <p class='ocr_par' dir='ltr' id='par_1_1' title="bbox 773 304 1643 340">
     <span class='ocr_line' id='line_1_1' title="bbox 773 304 1643 340; baseline 0.003 -3"><span class='ocrx_word' id='word_1_1' title='bbox 773 308 1000 338; x_wconf 79' lang='lat' dir='ltr'>APPENDIX.</span> <span class='ocrx_word' id='word_1_2' title='bbox 1566 304 1587 339; x_wconf 84' lang='lat'><strong>4</strong></span> <span class='ocrx_word' id='word_1_3' title='bbox 1596 304 1643 340; x_wconf 71' lang='lat'>&#39;21</span> 
     </span>
    </p>
   </div>
   <div class='ocr_carea' id='block_1_2' title="bbox 137 411 1654 1222">
    <p class='ocr_par' dir='ltr' id='par_1_2' title="bbox 137 411 1654 1222">
     <span class='ocr_line' id='line_1_2' title="bbox 137 411 1653 464; baseline 0.001 -12"><span class='ocrx_word' id='word_1_4' title='bbox 137 412 275 452; x_wconf 90' lang='lat' dir='ltr'>Abbas</span> <span class='ocrx_word' id='word_1_5' title='bbox 294 412 363 464; x_wconf 90' lang='lat' dir='ltr'>qui</span> <span class='ocrx_word' id='word_1_6' title='bbox 383 425 489 450; x_wconf 84' lang='lat' dir='ltr'>nunc</span> <span class='ocrx_word' id='word_1_7' title='bbox 505 420 575 460; x_wconf 87' lang='lat' dir='ltr'>est,</span> <span class='ocrx_word' id='word_1_8' title='bbox 599 423 640 451; x_wconf 89' lang='lat' dir='ltr'>et</span> <span class='ocrx_word' id='word_1_9' title='bbox 659 412 842 451; x_wconf 90' lang='lat' dir='ltr'>similiter</span> <span class='ocrx_word' id='word_1_10' title='bbox 861 425 996 452; x_wconf 89' lang='lat' dir='ltr'>omnes</span> <span class='ocrx_word' id='word_1_11' title='bbox 1011 412 1190 451; x_wconf 87' lang='lat' dir='ltr'>Abbates</span> <span class='ocrx_word' id='word_1_12' title='bbox 1206 411 1281 450; x_wconf 89' lang='lat' dir='ltr'>loci</span> <span class='ocrx_word' id='word_1_13' title='bbox 1298 412 1488 464; x_wconf 56' lang='lat' dir='ltr'>praedicti,</span> <span class='ocrx_word' id='word_1_14' title='bbox 1507 415 1653 464; x_wconf 77' lang='lat' dir='ltr'>praede-</span> 
     </span>
     <span class='ocr_line' id='line_1_3' title="bbox 138 466 1654 518; baseline 0.001 -12"><span class='ocrx_word' id='word_1_15' title='bbox 138 480 310 506; x_wconf 88' lang='lat' dir='ltr'>cessores</span> <span class='ocrx_word' id='word_1_16' title='bbox 330 466 401 514; x_wconf 92' lang='lat' dir='ltr'>sui,</span> <span class='ocrx_word' id='word_1_17' title='bbox 425 479 580 517; x_wconf 85' lang='lat' dir='ltr'>semper</span> <span class='ocrx_word' id='word_1_18' title='bbox 599 480 622 505; x_wconf 88' lang='lat' dir='ltr'>a</span> <span class='ocrx_word' id='word_1_19' title='bbox 640 473 820 518; x_wconf 89' lang='lat' dir='ltr'>tempore</span> <span class='ocrx_word' id='word_1_20' title='bbox 841 480 920 518; x_wconf 91' lang='lat' dir='ltr'>quo</span> <span class='ocrx_word' id='word_1_21' title='bbox 939 480 1020 505; x_wconf 90' lang='lat' dir='ltr'>non</span> <span class='ocrx_word' id='word_1_22' title='bbox 1045 471 1157 505; x_wconf 82' lang='lat' dir='ltr'>extat</span> <span class='ocrx_word' id='word_1_23' title='bbox 1176 467 1377 514; x_wconf 89' lang='lat' dir='ltr'>memoria,</span> <span class='ocrx_word' id='word_1_24' title='bbox 1399 467 1539 518; x_wconf 87' lang='lat' dir='ltr'>piscati</span> <span class='ocrx_word' id='word_1_25' title='bbox 1559 475 1654 508; x_wconf 88' lang='lat' dir='ltr'>sunt</span> 
     </span>
     <span class='ocr_line' id='line_1_4' title="bbox 138 520 1652 573; baseline 0.002 -14"><span class='ocrx_word' id='word_1_26' title='bbox 138 522 179 560; x_wconf 92' lang='lat' dir='ltr'>in</span> <span class='ocrx_word' id='word_1_27' title='bbox 198 520 390 572; x_wconf 80' lang='lat' dir='ltr'>praedicta</span> <span class='ocrx_word' id='word_1_28' title='bbox 409 533 513 570; x_wconf 87' lang='lat' dir='ltr'>aqua</span> <span class='ocrx_word' id='word_1_29' title='bbox 532 520 582 559; x_wconf 89' lang='lat' dir='ltr'>de</span> <span class='ocrx_word' id='word_1_30' title='bbox 603 520 734 569; x_wconf 85' lang='lat' dir='ltr'>Costa,</span> <span class='ocrx_word' id='word_1_31' title='bbox 756 521 825 560; x_wconf 92' lang='lat' dir='ltr'>ubi</span> <span class='ocrx_word' id='word_1_32' title='bbox 844 521 952 560; x_wconf 90' lang='lat' dir='ltr'>idem</span> <span class='ocrx_word' id='word_1_33' title='bbox 971 521 1108 560; x_wconf 87' lang='lat' dir='ltr'>Abbas</span> <span class='ocrx_word' id='word_1_34' title='bbox 1128 521 1256 559; x_wconf 89' lang='lat' dir='ltr'>solum</span> <span class='ocrx_word' id='word_1_35' title='bbox 1275 520 1398 560; x_wconf 84' lang='lat' dir='ltr'>habet</span> <span class='ocrx_word' id='word_1_36' title='bbox 1413 535 1463 560; x_wconf 88' lang='lat' dir='ltr'>ex</span> <span class='ocrx_word' id='word_1_37' title='bbox 1483 528 1652 573; x_wconf 85' lang='lat' dir='ltr'>utraque</span> 
     </span>
     <span class='ocr_line' id='line_1_5' title="bbox 137 574 1653 627; baseline 0.001 -13"><span class='ocrx_word' id='word_1_38' title='bbox 137 582 262 625; x_wconf 88' lang='lat' dir='ltr'>parte,</span> <span class='ocrx_word' id='word_1_39' title='bbox 283 579 330 613; x_wconf 93' lang='lat' dir='ltr'>ut</span> <span class='ocrx_word' id='word_1_40' title='bbox 349 575 390 612; x_wconf 89' lang='lat' dir='ltr'>in</span> <span class='ocrx_word' id='word_1_41' title='bbox 421 574 504 613; x_wconf 91' lang='lat' dir='ltr'>solo</span> <span class='ocrx_word' id='word_1_42' title='bbox 535 588 607 613; x_wconf 89' lang='lat' dir='ltr'>suo</span> <span class='ocrx_word' id='word_1_43' title='bbox 627 576 798 627; x_wconf 87' lang='lat' dir='ltr'>proprio,</span> <span class='ocrx_word' id='word_1_44' title='bbox 821 582 861 614; x_wconf 85' lang='lat' dir='ltr'>et</span> <span class='ocrx_word' id='word_1_45' title='bbox 892 576 933 613; x_wconf 91' lang='lat' dir='ltr'>in</span> <span class='ocrx_word' id='word_1_46' title='bbox 953 575 1153 626; x_wconf 78' lang='lat' dir='ltr'>praedictis</span> <span class='ocrx_word' id='word_1_47' title='bbox 1182 575 1296 626; x_wconf 83' lang='lat' dir='ltr'>aquis</span> <span class='ocrx_word' id='word_1_48' title='bbox 1324 575 1373 615; x_wconf 90' lang='lat' dir='ltr'>de</span> <span class='ocrx_word' id='word_1_49' title='bbox 1393 575 1586 615; x_wconf 79' lang='lat' dir='ltr'>Derwent</span> <span class='ocrx_word' id='word_1_50' title='bbox 1615 586 1653 615; x_wconf 81' lang='lat' dir='ltr'>et</span> 
     </span>
     <span class='ocr_line' id='line_1_6' title="bbox 138 628 1653 681; baseline 0.001 -13"><span class='ocrx_word' id='word_1_51' title='bbox 138 630 226 680; x_wconf 85' lang='lat' dir='ltr'>Rya</span> <span class='ocrx_word' id='word_1_52' title='bbox 252 642 323 680; x_wconf 88' lang='lat' dir='ltr'>per</span> <span class='ocrx_word' id='word_1_53' title='bbox 351 628 498 667; x_wconf 85' lang='lat' dir='ltr'>divisas</span> <span class='ocrx_word' id='word_1_54' title='bbox 517 629 739 680; x_wconf 80' lang='lat' dir='ltr'>praedictas,</span> <span class='ocrx_word' id='word_1_55' title='bbox 763 636 802 669; x_wconf 89' lang='lat' dir='ltr'>et</span> <span class='ocrx_word' id='word_1_56' title='bbox 827 629 1011 668; x_wconf 86' lang='lat' dir='ltr'>similiter</span> <span class='ocrx_word' id='word_1_57' title='bbox 1038 630 1080 668; x_wconf 92' lang='lat' dir='ltr'>in</span> <span class='ocrx_word' id='word_1_58' title='bbox 1105 628 1297 680; x_wconf 80' lang='lat' dir='ltr'>praedicta</span> <span class='ocrx_word' id='word_1_59' title='bbox 1325 643 1429 681; x_wconf 84' lang='lat' dir='ltr'>aqua</span> <span class='ocrx_word' id='word_1_60' title='bbox 1457 630 1506 669; x_wconf 86' lang='lat' dir='ltr'>de</span> <span class='ocrx_word' id='word_1_61' title='bbox 1534 630 1653 670; x_wconf 85' lang='lat' dir='ltr'>Costa</span> 
     </span>
     <span class='ocr_line' id='line_1_7' title="bbox 138 683 1653 736; baseline 0.001 -15"><span class='ocrx_word' id='word_1_62' title='bbox 138 684 207 722; x_wconf 91' lang='lat' dir='ltr'>ubi</span> <span class='ocrx_word' id='word_1_63' title='bbox 235 683 363 721; x_wconf 91' lang='lat' dir='ltr'>solum</span> <span class='ocrx_word' id='word_1_64' title='bbox 390 683 513 734; x_wconf 85' lang='lat' dir='ltr'>ipsius</span> <span class='ocrx_word' id='word_1_65' title='bbox 534 683 705 722; x_wconf 89' lang='lat' dir='ltr'>Abbatis</span> <span class='ocrx_word' id='word_1_66' title='bbox 735 697 776 723; x_wconf 92' lang='lat' dir='ltr'>se</span> <span class='ocrx_word' id='word_1_67' title='bbox 805 684 989 722; x_wconf 80' lang='lat' dir='ltr'>extendit</span> <span class='ocrx_word' id='word_1_68' title='bbox 1015 697 1065 723; x_wconf 86' lang='lat' dir='ltr'>ex</span> <span class='ocrx_word' id='word_1_69' title='bbox 1093 697 1172 722; x_wconf 91' lang='lat' dir='ltr'>una</span> <span class='ocrx_word' id='word_1_70' title='bbox 1200 689 1312 734; x_wconf 85' lang='lat' dir='ltr'>parte</span> <span class='ocrx_word' id='word_1_71' title='bbox 1334 684 1514 735; x_wconf 82' lang='lat' dir='ltr'>ejusdem</span> <span class='ocrx_word' id='word_1_72' title='bbox 1542 699 1653 736; x_wconf 75' lang='lat' dir='ltr'>aquae</span> 
     </span>
     <span class='ocr_line' id='line_1_8' title="bbox 138 737 1654 789; baseline 0.001 -13"><span class='ocrx_word' id='word_1_73' title='bbox 138 743 296 776; x_wconf 90' lang='lat' dir='ltr'>tantum</span> <span class='ocrx_word' id='word_1_74' title='bbox 315 751 454 775; x_wconf 73' lang='lat' dir='ltr'>versus</span> <span class='ocrx_word' id='word_1_75' title='bbox 474 737 616 787; x_wconf 72' lang='lat' dir='ltr'>Ryam,</span> <span class='ocrx_word' id='word_1_76' title='bbox 637 737 743 776; x_wconf 87' lang='lat' dir='ltr'>idem</span> <span class='ocrx_word' id='word_1_77' title='bbox 762 738 900 777; x_wconf 92' lang='lat' dir='ltr'>Abbas</span> <span class='ocrx_word' id='word_1_78' title='bbox 930 738 997 789; x_wconf 86' lang='lat' dir='ltr'>qui</span> <span class='ocrx_word' id='word_1_79' title='bbox 1017 751 1122 777; x_wconf 87' lang='lat' dir='ltr'>nunc</span> <span class='ocrx_word' id='word_1_80' title='bbox 1152 745 1222 786; x_wconf 86' lang='lat' dir='ltr'>est,</span> <span class='ocrx_word' id='word_1_81' title='bbox 1246 745 1287 777; x_wconf 88' lang='lat' dir='ltr'>et</span> <span class='ocrx_word' id='word_1_82' title='bbox 1315 739 1498 777; x_wconf 81' lang='lat' dir='ltr'>similiter</span> <span class='ocrx_word' id='word_1_83' title='bbox 1517 753 1654 778; x_wconf 88' lang='lat' dir='ltr'>omnes</span> 
     </span>
     <span class='ocr_line' id='line_1_9' title="bbox 137 791 1652 845; baseline 0.001 -15"><span class='ocrx_word' id='word_1_84' title='bbox 137 792 317 830; x_wconf 87' lang='lat' dir='ltr'>Abbates</span> <span class='ocrx_word' id='word_1_85' title='bbox 350 791 425 830; x_wconf 91' lang='lat' dir='ltr'>loci</span> <span class='ocrx_word' id='word_1_86' title='bbox 455 791 648 843; x_wconf 72' lang='lat' dir='ltr'>praedicti,</span> <span class='ocrx_word' id='word_1_87' title='bbox 678 792 983 843; x_wconf 83' lang='lat' dir='ltr'>praedecessores</span> <span class='ocrx_word' id='word_1_88' title='bbox 1017 792 1088 840; x_wconf 90' lang='lat' dir='ltr'>sui,</span> <span class='ocrx_word' id='word_1_89' title='bbox 1111 806 1277 843; x_wconf 84' lang='lat' dir='ltr'>semper,</span> <span class='ocrx_word' id='word_1_90' title='bbox 1310 806 1333 831; x_wconf 89' lang='lat' dir='ltr'>a</span> <span class='ocrx_word' id='word_1_91' title='bbox 1365 798 1544 844; x_wconf 85' lang='lat' dir='ltr'>tempore</span> <span class='ocrx_word' id='word_1_92' title='bbox 1573 808 1652 845; x_wconf 90' lang='lat' dir='ltr'>quo</span> 
     </span>
     <span class='ocr_line' id='line_1_10' title="bbox 138 846 1654 900; baseline 0.002 -16"><span class='ocrx_word' id='word_1_93' title='bbox 138 859 218 885; x_wconf 89' lang='lat' dir='ltr'>non</span> <span class='ocrx_word' id='word_1_94' title='bbox 247 850 360 885; x_wconf 76' lang='lat' dir='ltr'>extat</span> <span class='ocrx_word' id='word_1_95' title='bbox 388 846 588 893; x_wconf 82' lang='lat' dir='ltr'>memoria,</span> <span class='ocrx_word' id='word_1_96' title='bbox 612 846 753 897; x_wconf 84' lang='lat' dir='ltr'>piscati</span> <span class='ocrx_word' id='word_1_97' title='bbox 783 851 876 885; x_wconf 87' lang='lat' dir='ltr'>suut</span> <span class='ocrx_word' id='word_1_98' title='bbox 904 847 946 884; x_wconf 90' lang='lat' dir='ltr'>in</span> <span class='ocrx_word' id='word_1_99' title='bbox 975 846 1123 885; x_wconf 86' lang='lat' dir='ltr'>eisdem</span> <span class='ocrx_word' id='word_1_100' title='bbox 1148 853 1194 884; x_wconf 86' lang='lat' dir='ltr'>ut</span> <span class='ocrx_word' id='word_1_101' title='bbox 1222 847 1264 885; x_wconf 91' lang='lat' dir='ltr'>in</span> <span class='ocrx_word' id='word_1_102' title='bbox 1284 847 1451 898; x_wconf 81' lang='lat' dir='ltr'>piscaria</span> <span class='ocrx_word' id='word_1_103' title='bbox 1471 861 1541 886; x_wconf 82' lang='lat' dir='ltr'>sua</span> <span class='ocrx_word' id='word_1_104' title='bbox 1568 862 1654 900; x_wconf 89' lang='lat' dir='ltr'>pro-</span> 
     </span>
     <span class='ocr_line' id='line_1_11' title="bbox 138 899 1654 952; baseline 0.002 -14"><span class='ocrx_word' id='word_1_105' title='bbox 138 900 235 952; x_wconf 90' lang='lat' dir='ltr'>pria,</span> <span class='ocrx_word' id='word_1_106' title='bbox 275 899 502 951; x_wconf 82' lang='lat' dir='ltr'>pertinente</span> <span class='ocrx_word' id='word_1_107' title='bbox 540 900 591 938; x_wconf 85' lang='lat' dir='ltr'>ad</span> <span class='ocrx_word' id='word_1_108' title='bbox 629 901 859 950; x_wconf 60' lang='lat' dir='ltr'>praedictam</span> <span class='ocrx_word' id='word_1_109' title='bbox 902 907 1047 939; x_wconf 82' lang='lat' dir='ltr'>terram</span> <span class='ocrx_word' id='word_1_110' title='bbox 1088 901 1279 948; x_wconf 85' lang='lat' dir='ltr'>hidatam,</span> <span class='ocrx_word' id='word_1_111' title='bbox 1320 915 1407 952; x_wconf 79' lang='lat' dir='ltr'>quae</span> <span class='ocrx_word' id='word_1_112' title='bbox 1451 915 1555 941; x_wconf 89' lang='lat' dir='ltr'>nunc</span> <span class='ocrx_word' id='word_1_113' title='bbox 1594 910 1654 942; x_wconf 88' lang='lat' dir='ltr'>est</span> 
     </span>
     <span class='ocr_line' id='line_1_12' title="bbox 137 954 1654 1005; baseline 0.001 -12"><span class='ocrx_word' id='word_1_114' title='bbox 137 955 316 993; x_wconf 87' lang='lat' dir='ltr'>maneria</span> <span class='ocrx_word' id='word_1_115' title='bbox 335 954 534 1005; x_wconf 60' lang='lat' dir='ltr'>praedicta,</span> <span class='ocrx_word' id='word_1_116' title='bbox 557 960 678 1005; x_wconf 89' lang='lat' dir='ltr'>prout</span> <span class='ocrx_word' id='word_1_117' title='bbox 698 954 804 993; x_wconf 90' lang='lat' dir='ltr'>idem</span> <span class='ocrx_word' id='word_1_118' title='bbox 823 955 962 993; x_wconf 81' lang='lat' dir='ltr'>Abbas</span> <span class='ocrx_word' id='word_1_119' title='bbox 982 955 1163 1005; x_wconf 88' lang='lat' dir='ltr'>superius</span> <span class='ocrx_word' id='word_1_120' title='bbox 1184 955 1324 994; x_wconf 85' lang='lat' dir='ltr'>asserit</span> <span class='ocrx_word' id='word_1_121' title='bbox 1339 955 1501 995; x_wconf 76' lang='lat' dir='ltr'>z—Ideo</span> <span class='ocrx_word' id='word_1_122' title='bbox 1516 957 1654 996; x_wconf 87' lang='lat' dir='ltr'>Abbas</span> 
     </span>
     <span class='ocr_line' id='line_1_13' title="bbox 138 1008 1654 1060; baseline 0.001 -13"><span class='ocrx_word' id='word_1_123' title='bbox 138 1009 232 1047; x_wconf 90' lang='lat' dir='ltr'>inde</span> <span class='ocrx_word' id='word_1_124' title='bbox 261 1009 345 1047; x_wconf 91' lang='lat' dir='ltr'>sine</span> <span class='ocrx_word' id='word_1_125' title='bbox 369 1008 445 1056; x_wconf 89' lang='lat' dir='ltr'>die,</span> <span class='ocrx_word' id='word_1_126' title='bbox 469 1009 578 1047; x_wconf 87' lang='lat' dir='ltr'>salvo</span> <span class='ocrx_word' id='word_1_127' title='bbox 608 1022 762 1059; x_wconf 88' lang='lat' dir='ltr'>semper</span> <span class='ocrx_word' id='word_1_128' title='bbox 789 1009 877 1060; x_wconf 86' lang='lat' dir='ltr'>jure</span> <span class='ocrx_word' id='word_1_129' title='bbox 907 1015 979 1047; x_wconf 82' lang='lat' dir='ltr'>etc.</span> <span class='ocrx_word' id='word_1_130' title='bbox 1038 1009 1123 1049; x_wconf 81' lang='lat' dir='ltr'>Nos</span> <span class='ocrx_word' id='word_1_131' title='bbox 1143 1014 1279 1048; x_wconf 86' lang='lat' dir='ltr'>autem</span> <span class='ocrx_word' id='word_1_132' title='bbox 1298 1010 1453 1048; x_wconf 82' lang='lat' dir='ltr'>litteras</span> <span class='ocrx_word' id='word_1_133' title='bbox 1482 1017 1523 1049; x_wconf 85' lang='lat' dir='ltr'>et</span> <span class='ocrx_word' id='word_1_134' title='bbox 1543 1012 1654 1050; x_wconf 86' lang='lat' dir='ltr'>certi-</span> 
     </span>
     <span class='ocr_line' id='line_1_14' title="bbox 138 1062 1653 1113; baseline 0.003 -13"><span class='ocrx_word' id='word_1_135' title='bbox 138 1063 342 1102; x_wconf 86' lang='lat' dir='ltr'>ficationes</span> <span class='ocrx_word' id='word_1_136' title='bbox 386 1062 606 1113; x_wconf 78' lang='lat' dir='ltr'>praedictas,</span> <span class='ocrx_word' id='word_1_137' title='bbox 652 1063 701 1102; x_wconf 83' lang='lat' dir='ltr'>ad</span> <span class='ocrx_word' id='word_1_138' title='bbox 740 1063 1041 1113; x_wconf 73' lang='lat' dir='ltr'>requisitionem</span> <span class='ocrx_word' id='word_1_139' title='bbox 1080 1063 1214 1102; x_wconf 89' lang='lat' dir='ltr'>dilecti</span> <span class='ocrx_word' id='word_1_140' title='bbox 1253 1064 1367 1102; x_wconf 88' lang='lat' dir='ltr'>nobis</span> <span class='ocrx_word' id='word_1_141' title='bbox 1412 1064 1453 1102; x_wconf 91' lang='lat' dir='ltr'>in</span> <span class='ocrx_word' id='word_1_142' title='bbox 1492 1064 1653 1104; x_wconf 88' lang='lat' dir='ltr'>Christo</span> 
     </span>
     <span class='ocr_line' id='line_1_15' title="bbox 137 1116 1652 1168; baseline 0.004 -16"><span class='ocrx_word' id='word_1_143' title='bbox 137 1117 346 1164; x_wconf 84' lang='lat' dir='ltr'>Johannis,</span> <span class='ocrx_word' id='word_1_144' title='bbox 367 1130 473 1155; x_wconf 91' lang='lat' dir='ltr'>nunc</span> <span class='ocrx_word' id='word_1_145' title='bbox 492 1116 663 1156; x_wconf 89' lang='lat' dir='ltr'>Abbatis</span> <span class='ocrx_word' id='word_1_146' title='bbox 691 1117 765 1155; x_wconf 83' lang='lat' dir='ltr'>loci</span> <span class='ocrx_word' id='word_1_147' title='bbox 795 1117 988 1168; x_wconf 80' lang='lat' dir='ltr'>praedicti‚</span> <span class='ocrx_word' id='word_1_148' title='bbox 1011 1123 1149 1156; x_wconf 87' lang='lat' dir='ltr'>tenore</span> <span class='ocrx_word' id='word_1_149' title='bbox 1179 1118 1435 1168; x_wconf 76' lang='lat' dir='ltr'>praesentium</span> <span class='ocrx_word' id='word_1_150' title='bbox 1465 1118 1652 1158; x_wconf 84' lang='lat' dir='ltr'>duximus</span> 
     </span>
     <span class='ocr_line' id='line_1_16' title="bbox 139 1170 1379 1222; baseline -0.001 -12"><span class='ocrx_word' id='word_1_151' title='bbox 139 1171 520 1222; x_wconf 85' lang='lat' dir='ltr'>exemplificandum.</span> <span class='ocrx_word' id='word_1_152' title='bbox 581 1170 626 1209; x_wconf 93' lang='lat' dir='ltr'>T.</span> <span class='ocrx_word' id='word_1_153' title='bbox 687 1171 796 1222; x_wconf 83' lang='lat' dir='ltr'>Rege</span> <span class='ocrx_word' id='word_1_154' title='bbox 817 1171 924 1222; x_wconf 89' lang='lat' dir='ltr'>apud</span> <span class='ocrx_word' id='word_1_155' title='bbox 944 1171 1114 1212; x_wconf 79' lang='lat' dir='ltr'>Westm.</span> <span class='ocrx_word' id='word_1_156' title='bbox 1136 1186 1163 1210; x_wconf 81' lang='lat' dir='ltr'>x</span> <span class='ocrx_word' id='word_1_157' title='bbox 1184 1171 1248 1210; x_wconf 86' lang='lat' dir='ltr'>die</span> <span class='ocrx_word' id='word_1_158' title='bbox 1268 1172 1295 1209; x_wconf 77' lang='lat' dir='ltr'>,J</span> <span class='ocrx_word' id='word_1_159' title='bbox 1298 1172 1379 1210; x_wconf 90' lang='lat' dir='ltr'>ulii.</span> 
     </span>
    </p>
   </div>
   <div class='ocr_carea' id='block_1_3' title="bbox 132 1278 1653 2631">
    <p class='ocr_par' dir='ltr' id='par_1_3' title="bbox 132 1278 1653 2631">
     <span class='ocr_line' id='line_1_17' title="bbox 195 1278 1653 1333; baseline 0.001 -15"><span class='ocrx_word' id='word_1_160' title='bbox 195 1282 281 1318; x_wconf 90' lang='lat'>100.</span> <span class='ocrx_word' id='word_1_161' title='bbox 315 1279 479 1332; x_wconf 84' lang='lat' dir='ltr'>[Patent</span> <span class='ocrx_word' id='word_1_162' title='bbox 498 1278 622 1318; x_wconf 89' lang='lat' dir='ltr'>Rolls.</span> <span class='ocrx_word' id='word_1_163' title='bbox 683 1281 705 1317; x_wconf 84' lang='lat'><strong>3</strong></span> <span class='ocrx_word' id='word_1_164' title='bbox 725 1279 810 1319; x_wconf 76' lang='lat' dir='ltr'>Rie.</span> <span class='ocrx_word' id='word_1_165' title='bbox 830 1289 872 1318; x_wconf 85' lang='grc' dir='ltr'>ΙΙ.</span> <span class='ocrx_word' id='word_1_166' title='bbox 893 1279 1045 1332; x_wconf 57' lang='grc'><strong>[13801</strong></span> <span class='ocrx_word' id='word_1_167' title='bbox 1068 1286 1158 1330; x_wconf 81' lang='lat' dir='ltr'>part</span> <span class='ocrx_word' id='word_1_168' title='bbox 1176 1282 1210 1327; x_wconf 70' lang='lat'>2,</span> <span class='ocrx_word' id='word_1_169' title='bbox 1232 1293 1283 1319; x_wconf 88' lang='lat' dir='ltr'>m.</span> <span class='ocrx_word' id='word_1_170' title='bbox 1303 1279 1358 1333; x_wconf 69' lang='lat'>4.]</span> <span class='ocrx_word' id='word_1_171' title='bbox 1411 1280 1472 1319; x_wconf 93' lang='lat' dir='ltr'>De</span> <span class='ocrx_word' id='word_1_172' title='bbox 1492 1281 1653 1320; x_wconf 79' lang='lat' dir='ltr'>licentia</span> 
     </span>
     <span class='ocr_line' id='line_1_18' title="bbox 135 1333 1650 1384; baseline 0.001 -12"><span class='ocrx_word' id='word_1_173' title='bbox 135 1334 258 1373; x_wconf 88' lang='lat' dir='ltr'>dandi</span> <span class='ocrx_word' id='word_1_174' title='bbox 287 1334 338 1372; x_wconf 88' lang='lat' dir='ltr'>ad</span> <span class='ocrx_word' id='word_1_175' title='bbox 367 1346 530 1372; x_wconf 89' lang='lat' dir='ltr'>manum</span> <span class='ocrx_word' id='word_1_176' title='bbox 558 1334 917 1372; x_wconf 79' lang='lat' dir='ltr'>mortuam.—Rex</span> <span class='ocrx_word' id='word_1_177' title='bbox 947 1334 1131 1372; x_wconf 87' lang='lat' dir='ltr'>omnibus</span> <span class='ocrx_word' id='word_1_178' title='bbox 1161 1333 1211 1372; x_wconf 79' lang='lat' dir='ltr'>ad</span> <span class='ocrx_word' id='word_1_179' title='bbox 1241 1347 1339 1384; x_wconf 88' lang='lat' dir='ltr'>quos</span> <span class='ocrx_word' id='word_1_180' title='bbox 1360 1340 1447 1382; x_wconf 63' lang='lat' dir='ltr'>etc„</span> <span class='ocrx_word' id='word_1_181' title='bbox 1470 1335 1650 1375; x_wconf 88' lang='lat' dir='ltr'>salutem.</span> 
     </span>
     <span class='ocr_line' id='line_1_19' title="bbox 136 1388 1652 1439; baseline 0.001 -12"><span class='ocrx_word' id='word_1_182' title='bbox 136 1388 250 1428; x_wconf 87' lang='lat' dir='ltr'>Licet</span> <span class='ocrx_word' id='word_1_183' title='bbox 283 1393 369 1435; x_wconf 64' lang='lat' dir='ltr'>ete„</span> <span class='ocrx_word' id='word_1_184' title='bbox 391 1393 526 1426; x_wconf 90' lang='lat' dir='ltr'>tamen</span> <span class='ocrx_word' id='word_1_185' title='bbox 555 1401 628 1438; x_wconf 90' lang='lat' dir='ltr'>pro</span> <span class='ocrx_word' id='word_1_186' title='bbox 647 1388 793 1439; x_wconf 79' lang='lat' dir='ltr'>viginti</span> <span class='ocrx_word' id='word_1_187' title='bbox 823 1388 959 1427; x_wconf 91' lang='lat' dir='ltr'>solidis</span> <span class='ocrx_word' id='word_1_188' title='bbox 980 1401 1078 1439; x_wconf 87' lang='lat' dir='ltr'>quos</span> <span class='ocrx_word' id='word_1_189' title='bbox 1107 1388 1276 1426; x_wconf 86' lang='lat' dir='ltr'>dilectus</span> <span class='ocrx_word' id='word_1_190' title='bbox 1295 1388 1410 1427; x_wconf 90' lang='lat' dir='ltr'>nobis</span> <span class='ocrx_word' id='word_1_191' title='bbox 1429 1389 1471 1427; x_wconf 90' lang='lat' dir='ltr'>in</span> <span class='ocrx_word' id='word_1_192' title='bbox 1491 1388 1652 1428; x_wconf 86' lang='lat' dir='ltr'>Christo</span> 
     </span>
     <span class='ocr_line' id='line_1_20' title="bbox 136 1441 1652 1493; baseline 0 -11"><span class='ocrx_word' id='word_1_193' title='bbox 136 1443 273 1482; x_wconf 90' lang='lat' dir='ltr'>Abbas</span> <span class='ocrx_word' id='word_1_194' title='bbox 302 1442 353 1481; x_wconf 90' lang='lat' dir='ltr'>de</span> <span class='ocrx_word' id='word_1_195' title='bbox 381 1441 561 1481; x_wconf 82' lang='lat' dir='ltr'>Rievalle</span> <span class='ocrx_word' id='word_1_196' title='bbox 590 1442 706 1481; x_wconf 91' lang='lat' dir='ltr'>nobis</span> <span class='ocrx_word' id='word_1_197' title='bbox 734 1442 854 1481; x_wconf 81' lang='lat' dir='ltr'>solvit</span> <span class='ocrx_word' id='word_1_198' title='bbox 882 1442 924 1480; x_wconf 93' lang='lat' dir='ltr'>in</span> <span class='ocrx_word' id='word_1_199' title='bbox 944 1442 1176 1493; x_wconf 83' lang='lat' dir='ltr'>Hanaperio</span> <span class='ocrx_word' id='word_1_200' title='bbox 1205 1447 1355 1490; x_wconf 90' lang='lat' dir='ltr'>nostro,</span> <span class='ocrx_word' id='word_1_201' title='bbox 1387 1444 1652 1483; x_wconf 85' lang='lat' dir='ltr'>concessimus</span> 
     </span>
     <span class='ocr_line' id='line_1_21' title="bbox 136 1496 1651 1548; baseline 0.001 -12"><span class='ocrx_word' id='word_1_202' title='bbox 136 1503 178 1537; x_wconf 87' lang='lat' dir='ltr'>et</span> <span class='ocrx_word' id='word_1_203' title='bbox 204 1497 408 1536; x_wconf 81' lang='lat' dir='ltr'>licentiam</span> <span class='ocrx_word' id='word_1_204' title='bbox 428 1496 612 1535; x_wconf 87' lang='lat' dir='ltr'>dedimus</span> <span class='ocrx_word' id='word_1_205' title='bbox 638 1509 710 1547; x_wconf 91' lang='lat' dir='ltr'>pro</span> <span class='ocrx_word' id='word_1_206' title='bbox 738 1496 854 1535; x_wconf 89' lang='lat' dir='ltr'>nobis</span> <span class='ocrx_word' id='word_1_207' title='bbox 883 1502 924 1535; x_wconf 93' lang='lat' dir='ltr'>et</span> <span class='ocrx_word' id='word_1_208' title='bbox 952 1496 1177 1535; x_wconf 78' lang='lat' dir='ltr'>haeredibus</span> <span class='ocrx_word' id='word_1_209' title='bbox 1205 1498 1364 1545; x_wconf 88' lang='lat' dir='ltr'>nostris,</span> <span class='ocrx_word' id='word_1_210' title='bbox 1387 1504 1582 1548; x_wconf 88' lang='lat' dir='ltr'>quantum</span> <span class='ocrx_word' id='word_1_211' title='bbox 1610 1499 1651 1537; x_wconf 90' lang='lat' dir='ltr'>in</span> 
     </span>
     <span class='ocr_line' id='line_1_22' title="bbox 135 1550 1651 1602; baseline 0.001 -12"><span class='ocrx_word' id='word_1_212' title='bbox 135 1551 251 1590; x_wconf 91' lang='lat' dir='ltr'>nobis</span> <span class='ocrx_word' id='word_1_213' title='bbox 270 1556 341 1598; x_wconf 90' lang='lat' dir='ltr'>est,</span> <span class='ocrx_word' id='word_1_214' title='bbox 363 1551 521 1601; x_wconf 85' lang='lat' dir='ltr'>Rogero</span> <span class='ocrx_word' id='word_1_215' title='bbox 550 1550 599 1589; x_wconf 91' lang='lat' dir='ltr'>de</span> <span class='ocrx_word' id='word_1_216' title='bbox 619 1550 819 1599; x_wconf 87' lang='lat' dir='ltr'>Moreton,</span> <span class='ocrx_word' id='word_1_217' title='bbox 841 1551 1002 1602; x_wconf 86' lang='lat' dir='ltr'>juniori,</span> <span class='ocrx_word' id='word_1_218' title='bbox 1025 1550 1115 1590; x_wconf 81' lang='lat' dir='ltr'>Civi</span> <span class='ocrx_word' id='word_1_219' title='bbox 1134 1550 1265 1600; x_wconf 68' lang='lat' dir='ltr'>Ebor,</span> <span class='ocrx_word' id='word_1_220' title='bbox 1288 1551 1395 1602; x_wconf 85' lang='lat' dir='ltr'>quod</span> <span class='ocrx_word' id='word_1_221' title='bbox 1415 1552 1498 1602; x_wconf 90' lang='lat' dir='ltr'>ipse</span> <span class='ocrx_word' id='word_1_222' title='bbox 1528 1566 1651 1591; x_wconf 90' lang='lat' dir='ltr'>unum</span> 
     </span>
     <span class='ocr_line' id='line_1_23' title="bbox 135 1605 1652 1657; baseline 0.001 -12"><span class='ocrx_word' id='word_1_223' title='bbox 135 1606 394 1657; x_wconf 87' lang='lat' dir='ltr'>mesuagium,</span> <span class='ocrx_word' id='word_1_224' title='bbox 431 1618 520 1643; x_wconf 91' lang='lat' dir='ltr'>cum</span> <span class='ocrx_word' id='word_1_225' title='bbox 554 1605 821 1656; x_wconf 87' lang='lat' dir='ltr'>pertinenciis,</span> <span class='ocrx_word' id='word_1_226' title='bbox 857 1605 899 1643; x_wconf 91' lang='lat' dir='ltr'>in</span> <span class='ocrx_word' id='word_1_227' title='bbox 933 1605 1123 1644; x_wconf 88' lang='lat' dir='ltr'>suburbio</span> <span class='ocrx_word' id='word_1_228' title='bbox 1156 1605 1289 1652; x_wconf 85' lang='lat' dir='ltr'>Ebor.,</span> <span class='ocrx_word' id='word_1_229' title='bbox 1319 1605 1426 1656; x_wconf 87' lang='lat' dir='ltr'>quod</span> <span class='ocrx_word' id='word_1_230' title='bbox 1455 1606 1504 1645; x_wconf 90' lang='lat' dir='ltr'>de</span> <span class='ocrx_word' id='word_1_231' title='bbox 1537 1607 1652 1646; x_wconf 85' lang='lat' dir='ltr'>nobis</span> 
     </span>
     <span class='ocr_line' id='line_1_24' title="bbox 136 1658 1651 1712; baseline 0.001 -13"><span class='ocrx_word' id='word_1_232' title='bbox 136 1665 248 1699; x_wconf 86' lang='lat' dir='ltr'>tenet</span> <span class='ocrx_word' id='word_1_233' title='bbox 285 1660 327 1698; x_wconf 91' lang='lat' dir='ltr'>in</span> <span class='ocrx_word' id='word_1_234' title='bbox 364 1659 556 1711; x_wconf 85' lang='lat' dir='ltr'>burgagio</span> <span class='ocrx_word' id='word_1_235' title='bbox 596 1658 783 1698; x_wconf 89' lang='lat' dir='ltr'>Civitatis</span> <span class='ocrx_word' id='word_1_236' title='bbox 821 1659 1033 1709; x_wconf 75' lang='lat' dir='ltr'>praedictae,</span> <span class='ocrx_word' id='word_1_237' title='bbox 1078 1660 1172 1698; x_wconf 81' lang='lat' dir='ltr'>dare</span> <span class='ocrx_word' id='word_1_238' title='bbox 1211 1660 1337 1710; x_wconf 83' lang='lat' dir='ltr'>possit</span> <span class='ocrx_word' id='word_1_239' title='bbox 1375 1666 1416 1699; x_wconf 89' lang='lat' dir='ltr'>et</span> <span class='ocrx_word' id='word_1_240' title='bbox 1449 1661 1651 1712; x_wconf 85' lang='lat' dir='ltr'>assignare</span> 
     </span>
     <span class='ocr_line' id='line_1_25' title="bbox 136 1712 1651 1766; baseline 0.001 -13"><span class='ocrx_word' id='word_1_241' title='bbox 136 1714 303 1766; x_wconf 76' lang='lat' dir='ltr'>praefato</span> <span class='ocrx_word' id='word_1_242' title='bbox 317 1713 468 1752; x_wconf 81' lang='lat' dir='ltr'>Abbati</span> <span class='ocrx_word' id='word_1_243' title='bbox 489 1719 529 1752; x_wconf 88' lang='lat' dir='ltr'>et</span> <span class='ocrx_word' id='word_1_244' title='bbox 544 1712 772 1753; x_wconf 86' lang='lat' dir='ltr'>Conventui</span> <span class='ocrx_word' id='word_1_245' title='bbox 793 1713 974 1764; x_wconf 87' lang='lat' dir='ltr'>ejusdem</span> <span class='ocrx_word' id='word_1_246' title='bbox 995 1714 1081 1761; x_wconf 89' lang='lat' dir='ltr'>loci,</span> <span class='ocrx_word' id='word_1_247' title='bbox 1105 1713 1348 1752; x_wconf 88' lang='lat' dir='ltr'>Habendum</span> <span class='ocrx_word' id='word_1_248' title='bbox 1381 1745 1388 1752; x_wconf 96' lang='lat'>.</span> <span class='ocrx_word' id='word_1_249' title='bbox 1422 1745 1429 1752; x_wconf 92' lang='lat'><strong>.</strong></span> <span class='ocrx_word' id='word_1_250' title='bbox 1459 1746 1468 1754; x_wconf 85' lang='lat'><strong>.</strong></span> <span class='ocrx_word' id='word_1_251' title='bbox 1502 1715 1651 1754; x_wconf 82' lang='lat' dir='ltr'>eisdem</span> 
     </span>
     <span class='ocr_line' id='line_1_26' title="bbox 135 1767 1649 1820; baseline 0.001 -13"><span class='ocrx_word' id='word_1_252' title='bbox 135 1769 287 1807; x_wconf 82' lang='lat' dir='ltr'>Abbati</span> <span class='ocrx_word' id='word_1_253' title='bbox 317 1775 357 1807; x_wconf 88' lang='lat' dir='ltr'>et</span> <span class='ocrx_word' id='word_1_254' title='bbox 385 1767 614 1807; x_wconf 82' lang='lat' dir='ltr'>Conventui</span> <span class='ocrx_word' id='word_1_255' title='bbox 641 1773 682 1807; x_wconf 89' lang='lat' dir='ltr'>et</span> <span class='ocrx_word' id='word_1_256' title='bbox 711 1768 1000 1807; x_wconf 87' lang='lat' dir='ltr'>successoribus</span> <span class='ocrx_word' id='word_1_257' title='bbox 1034 1769 1125 1815; x_wconf 88' lang='lat' dir='ltr'>suis,</span> <span class='ocrx_word' id='word_1_258' title='bbox 1157 1768 1207 1806; x_wconf 85' lang='lat' dir='ltr'>ad</span> <span class='ocrx_word' id='word_1_259' title='bbox 1237 1768 1447 1807; x_wconf 81' lang='lat' dir='ltr'>dicendam</span> <span class='ocrx_word' id='word_1_260' title='bbox 1474 1770 1649 1820; x_wconf 83' lang='lat' dir='ltr'>qualibet</span> 
     </span>
     <span class='ocr_line' id='line_1_27' title="bbox 134 1821 1650 1875; baseline 0.001 -14"><span class='ocrx_word' id='word_1_261' title='bbox 134 1823 199 1862; x_wconf 88' lang='lat' dir='ltr'>die</span> <span class='ocrx_word' id='word_1_262' title='bbox 237 1822 440 1873; x_wconf 82' lang='lat' dir='ltr'>quandam</span> <span class='ocrx_word' id='word_1_263' title='bbox 479 1821 683 1861; x_wconf 83' lang='lat' dir='ltr'>collectam</span> <span class='ocrx_word' id='word_1_264' title='bbox 721 1822 772 1860; x_wconf 86' lang='lat' dir='ltr'>ad</span> <span class='ocrx_word' id='word_1_265' title='bbox 814 1822 976 1860; x_wconf 87' lang='lat' dir='ltr'>missam</span> <span class='ocrx_word' id='word_1_266' title='bbox 1010 1822 1052 1860; x_wconf 86' lang='lat' dir='ltr'>B.</span> <span class='ocrx_word' id='word_1_267' title='bbox 1094 1822 1233 1860; x_wconf 73' lang='lat' dir='ltr'>Mariae</span> <span class='ocrx_word' id='word_1_268' title='bbox 1275 1822 1316 1860; x_wconf 86' lang='lat' dir='ltr'>in</span> <span class='ocrx_word' id='word_1_269' title='bbox 1354 1822 1528 1862; x_wconf 85' lang='lat' dir='ltr'>Ecclesia</span> <span class='ocrx_word' id='word_1_270' title='bbox 1565 1824 1650 1875; x_wconf 82' lang='lat' dir='ltr'>ipsa</span> 
     </span>
     <span class='ocr_line' id='line_1_28' title="bbox 134 1876 1649 1928; baseline 0 -12"><span class='ocrx_word' id='word_1_271' title='bbox 134 1877 305 1916; x_wconf 87' lang='lat' dir='ltr'>Abbatis</span> <span class='ocrx_word' id='word_1_272' title='bbox 339 1883 380 1915; x_wconf 89' lang='lat' dir='ltr'>et</span> <span class='ocrx_word' id='word_1_273' title='bbox 413 1876 646 1915; x_wconf 85' lang='lat' dir='ltr'>Conventus</span> <span class='ocrx_word' id='word_1_274' title='bbox 683 1876 727 1915; x_wconf 87' lang='lat' dir='ltr'>B.</span> <span class='ocrx_word' id='word_1_275' title='bbox 764 1877 903 1915; x_wconf 81' lang='lat' dir='ltr'>Mariae</span> <span class='ocrx_word' id='word_1_276' title='bbox 941 1876 990 1914; x_wconf 86' lang='lat' dir='ltr'>‹le</span> <span class='ocrx_word' id='word_1_277' title='bbox 1028 1876 1207 1915; x_wconf 82' lang='lat' dir='ltr'>Rievalle</span> <span class='ocrx_word' id='word_1_278' title='bbox 1246 1890 1318 1927; x_wconf 86' lang='lat' dir='ltr'>pro</span> <span class='ocrx_word' id='word_1_279' title='bbox 1356 1877 1488 1915; x_wconf 84' lang='lat' dir='ltr'>anima</span> <span class='ocrx_word' id='word_1_280' title='bbox 1525 1878 1649 1928; x_wconf 83' lang='lat' dir='ltr'>ipsius</span> 
     </span>
     <span class='ocr_line' id='line_1_29' title="bbox 134 1930 1648 1983; baseline 0 -13"><span class='ocrx_word' id='word_1_281' title='bbox 134 1932 291 1983; x_wconf 86' lang='lat' dir='ltr'>Rogeri,</span> <span class='ocrx_word' id='word_1_282' title='bbox 314 1944 404 1970; x_wconf 89' lang='lat' dir='ltr'>cum</span> <span class='ocrx_word' id='word_1_283' title='bbox 433 1931 482 1969; x_wconf 91' lang='lat' dir='ltr'>ab</span> <span class='ocrx_word' id='word_1_284' title='bbox 502 1930 575 1969; x_wconf 88' lang='lat' dir='ltr'>hac</span> <span class='ocrx_word' id='word_1_285' title='bbox 595 1930 682 1969; x_wconf 89' lang='lat' dir='ltr'>luce</span> <span class='ocrx_word' id='word_1_286' title='bbox 711 1931 954 1982; x_wconf 76' lang='lat' dir='ltr'>migraverit,</span> <span class='ocrx_word' id='word_1_287' title='bbox 977 1937 1018 1969; x_wconf 90' lang='lat' dir='ltr'>et</span> <span class='ocrx_word' id='word_1_288' title='bbox 1046 1931 1253 1968; x_wconf 84' lang='lat' dir='ltr'>animabus</span> <span class='ocrx_word' id='word_1_289' title='bbox 1273 1931 1452 1969; x_wconf 89' lang='lat' dir='ltr'>onmium</span> <span class='ocrx_word' id='word_1_290' title='bbox 1471 1931 1648 1971; x_wconf 87' lang='lat' dir='ltr'>fidelium</span> 
     </span>
     <span class='ocr_line' id='line_1_30' title="bbox 133 1984 1649 2037; baseline 0.001 -13"><span class='ocrx_word' id='word_1_291' title='bbox 133 1986 415 2025; x_wconf 77' lang='lat' dir='ltr'>defunctorum</span> <span class='ocrx_word' id='word_1_292' title='bbox 444 1985 764 2036; x_wconf 88' lang='lat' dir='ltr'>imperpetuum:</span> <span class='ocrx_word' id='word_1_293' title='bbox 794 1985 847 2023; x_wconf 89' lang='lat' dir='ltr'>Et</span> <span class='ocrx_word' id='word_1_294' title='bbox 875 1985 1025 2023; x_wconf 88' lang='lat' dir='ltr'>eisdem</span> <span class='ocrx_word' id='word_1_295' title='bbox 1044 1985 1196 2023; x_wconf 83' lang='lat' dir='ltr'>Abbati</span> <span class='ocrx_word' id='word_1_296' title='bbox 1225 1990 1266 2023; x_wconf 91' lang='lat' dir='ltr'>et</span> <span class='ocrx_word' id='word_1_297' title='bbox 1286 1984 1513 2024; x_wconf 84' lang='lat' dir='ltr'>Conventui</span> <span class='ocrx_word' id='word_1_298' title='bbox 1542 1987 1649 2037; x_wconf 84' lang='lat' dir='ltr'>quod</span> 
     </span>
     <span class='ocr_line' id='line_1_31' title="bbox 133 2038 1649 2091; baseline 0.001 -13"><span class='ocrx_word' id='word_1_299' title='bbox 133 2040 209 2091; x_wconf 88' lang='lat' dir='ltr'>ipsi</span> <span class='ocrx_word' id='word_1_300' title='bbox 236 2040 484 2090; x_wconf 87' lang='lat' dir='ltr'>mesuagium</span> <span class='ocrx_word' id='word_1_301' title='bbox 509 2038 744 2090; x_wconf 77' lang='lat' dir='ltr'>praedictum</span> <span class='ocrx_word' id='word_1_302' title='bbox 774 2070 782 2077; x_wconf 92' lang='lat'><strong>.</strong></span> <span class='ocrx_word' id='word_1_303' title='bbox 814 2071 821 2078; x_wconf 94' lang='lat'>.</span> <span class='ocrx_word' id='word_1_304' title='bbox 854 2070 863 2079; x_wconf 87' lang='lat'><strong><em>.</em></strong></span> <span class='ocrx_word' id='word_1_305' title='bbox 895 2052 918 2077; x_wconf 82' lang='lat' dir='ltr'>a</span> <span class='ocrx_word' id='word_1_306' title='bbox 937 2038 1103 2089; x_wconf 79' lang='lat' dir='ltr'>praefato</span> <span class='ocrx_word' id='word_1_307' title='bbox 1124 2039 1280 2090; x_wconf 84' lang='lat' dir='ltr'>Rogero</span> <span class='ocrx_word' id='word_1_308' title='bbox 1301 2039 1474 2090; x_wconf 84' lang='lat' dir='ltr'>recipere</span> <span class='ocrx_word' id='word_1_309' title='bbox 1495 2041 1649 2091; x_wconf 88' lang='lat' dir='ltr'>possint</span> 
     </span>
     <span class='ocr_line' id='line_1_32' title="bbox 134 2092 1646 2144; baseline 0.001 -12"><span class='ocrx_word' id='word_1_310' title='bbox 134 2100 175 2132; x_wconf 87' lang='lat' dir='ltr'>et</span> <span class='ocrx_word' id='word_1_311' title='bbox 203 2098 348 2140; x_wconf 88' lang='lat' dir='ltr'>tenere,</span> <span class='ocrx_word' id='word_1_312' title='bbox 370 2093 445 2132; x_wconf 87' lang='lat' dir='ltr'>sibi</span> <span class='ocrx_word' id='word_1_313' title='bbox 476 2099 517 2132; x_wconf 92' lang='lat' dir='ltr'>et</span> <span class='ocrx_word' id='word_1_314' title='bbox 545 2093 835 2132; x_wconf 85' lang='lat' dir='ltr'>successoribus</span> <span class='ocrx_word' id='word_1_315' title='bbox 864 2092 944 2131; x_wconf 88' lang='lat' dir='ltr'>suis</span> <span class='ocrx_word' id='word_1_316' title='bbox 974 2092 1186 2144; x_wconf 48' lang='lat' dir='ltr'>praedictis</span> <span class='ocrx_word' id='word_1_317' title='bbox 1208 2093 1513 2143; x_wconf 85' lang='lat' dir='ltr'>imperpetuum,</span> <span class='ocrx_word' id='word_1_318' title='bbox 1545 2095 1646 2133; x_wconf 86' lang='lat' dir='ltr'>sicut</span> 
     </span>
     <span class='ocr_line' id='line_1_33' title="bbox 134 2147 1647 2199; baseline 0.001 -13"><span class='ocrx_word' id='word_1_319' title='bbox 134 2147 368 2199; x_wconf 86' lang='lat' dir='ltr'>praedictum</span> <span class='ocrx_word' id='word_1_320' title='bbox 407 2152 479 2194; x_wconf 86' lang='lat' dir='ltr'>est,</span> <span class='ocrx_word' id='word_1_321' title='bbox 519 2153 656 2186; x_wconf 88' lang='lat' dir='ltr'>tenore</span> <span class='ocrx_word' id='word_1_322' title='bbox 696 2147 961 2198; x_wconf 83' lang='lat' dir='ltr'>praesentium,</span> <span class='ocrx_word' id='word_1_323' title='bbox 1003 2147 1186 2185; x_wconf 88' lang='lat' dir='ltr'>similiter</span> <span class='ocrx_word' id='word_1_324' title='bbox 1223 2147 1423 2186; x_wconf 83' lang='lat' dir='ltr'>licentiam</span> <span class='ocrx_word' id='word_1_325' title='bbox 1465 2148 1647 2187; x_wconf 86' lang='lat' dir='ltr'>dedimus</span> 
     </span>
     <span class='ocr_line' id='line_1_34' title="bbox 133 2200 1646 2253; baseline 0.001 -13"><span class='ocrx_word' id='word_1_326' title='bbox 133 2201 354 2253; x_wconf 81' lang='lat' dir='ltr'>specialem,</span> <span class='ocrx_word' id='word_1_327' title='bbox 390 2206 542 2240; x_wconf 84' lang='lat' dir='ltr'>statut-o</span> <span class='ocrx_word' id='word_1_328' title='bbox 577 2200 777 2252; x_wconf 77' lang='lat' dir='ltr'>praedicto,</span> <span class='ocrx_word' id='word_1_329' title='bbox 814 2214 883 2240; x_wconf 89' lang='lat' dir='ltr'>seu</span> <span class='ocrx_word' id='word_1_330' title='bbox 917 2214 963 2239; x_wconf 85' lang='lat' dir='ltr'>eo</span> <span class='ocrx_word' id='word_1_331' title='bbox 994 2201 1101 2251; x_wconf 81' lang='lat' dir='ltr'>quod</span> <span class='ocrx_word' id='word_1_332' title='bbox 1136 2201 1288 2240; x_wconf 84' lang='lat' dir='ltr'>dictum</span> <span class='ocrx_word' id='word_1_333' title='bbox 1321 2203 1568 2253; x_wconf 85' lang='lat' dir='ltr'>mesuagium</span> <span class='ocrx_word' id='word_1_334' title='bbox 1597 2204 1646 2242; x_wconf 92' lang='lat' dir='ltr'>de</span> 
     </span>
     <span class='ocr_line' id='line_1_35' title="bbox 132 2254 1644 2306; baseline 0.001 -12"><span class='ocrx_word' id='word_1_335' title='bbox 132 2256 248 2295; x_wconf 90' lang='lat' dir='ltr'>nobis</span> <span class='ocrx_word' id='word_1_336' title='bbox 281 2260 442 2294; x_wconf 87' lang='lat' dir='ltr'>tenetur</span> <span class='ocrx_word' id='word_1_337' title='bbox 473 2256 514 2293; x_wconf 89' lang='lat' dir='ltr'>in</span> <span class='ocrx_word' id='word_1_338' title='bbox 550 2255 753 2305; x_wconf 82' lang='lat' dir='ltr'>burgagio.</span> <span class='ocrx_word' id='word_1_339' title='bbox 793 2262 840 2293; x_wconf 93' lang='lat' dir='ltr'>ut</span> <span class='ocrx_word' id='word_1_340' title='bbox 877 2254 1112 2306; x_wconf 71' lang='lat' dir='ltr'>praedictum</span> <span class='ocrx_word' id='word_1_341' title='bbox 1151 2262 1222 2303; x_wconf 86' lang='lat' dir='ltr'>est,</span> <span class='ocrx_word' id='word_1_342' title='bbox 1262 2269 1342 2294; x_wconf 89' lang='lat' dir='ltr'>non</span> <span class='ocrx_word' id='word_1_343' title='bbox 1381 2256 1644 2305; x_wconf 85' lang='lat' dir='ltr'>obstantibus,</span> 
     </span>
     <span class='ocr_line' id='line_1_36' title="bbox 133 2308 1645 2362; baseline 0.001 -14"><span class='ocrx_word' id='word_1_344' title='bbox 133 2310 315 2348; x_wconf 88' lang='lat' dir='ltr'>nolentes</span> <span class='ocrx_word' id='word_1_345' title='bbox 353 2308 460 2359; x_wconf 87' lang='lat' dir='ltr'>quod</span> <span class='ocrx_word' id='word_1_346' title='bbox 499 2309 712 2360; x_wconf 67' lang='lat' dir='ltr'>przedictus</span> <span class='ocrx_word' id='word_1_347' title='bbox 746 2309 925 2360; x_wconf 84' lang='lat' dir='ltr'>Rogerus</span> <span class='ocrx_word' id='word_1_348' title='bbox 963 2309 1025 2347; x_wconf 71' lang='lat' dir='ltr'>vel</span> <span class='ocrx_word' id='word_1_349' title='bbox 1066 2309 1242 2348; x_wconf 72' lang='lat' dir='ltr'>haeredes</span> <span class='ocrx_word' id='word_1_350' title='bbox 1276 2310 1347 2356; x_wconf 87' lang='lat' dir='ltr'>sui,</span> <span class='ocrx_word' id='word_1_351' title='bbox 1384 2316 1454 2348; x_wconf 89' lang='lat' dir='ltr'>aut</span> <span class='ocrx_word' id='word_1_352' title='bbox 1490 2312 1645 2362; x_wconf 62' lang='lat' dir='ltr'>praefati</span> 
     </span>
     <span class='ocr_line' id='line_1_37' title="bbox 133 2363 1646 2416; baseline 0.002 -14"><span class='ocrx_word' id='word_1_353' title='bbox 133 2365 270 2402; x_wconf 81' lang='lat' dir='ltr'>Abbas</span> <span class='ocrx_word' id='word_1_354' title='bbox 299 2370 339 2402; x_wconf 90' lang='grc'>01</span> <span class='ocrx_word' id='word_1_355' title='bbox 368 2363 610 2410; x_wconf 74' lang='lat' dir='ltr'>Conventus,</span> <span class='ocrx_word' id='word_1_356' title='bbox 642 2376 710 2401; x_wconf 85' lang='lat' dir='ltr'>seu</span> <span class='ocrx_word' id='word_1_357' title='bbox 739 2376 980 2402; x_wconf 85' lang='lat' dir='ltr'>successores</span> <span class='ocrx_word' id='word_1_358' title='bbox 1009 2364 1082 2410; x_wconf 88' lang='lat' dir='ltr'>sui,</span> <span class='ocrx_word' id='word_1_359' title='bbox 1112 2364 1266 2402; x_wconf 81' lang='lat' dir='ltr'>ratione</span> <span class='ocrx_word' id='word_1_360' title='bbox 1295 2365 1437 2402; x_wconf 79' lang='lat' dir='ltr'>statuti</span> <span class='ocrx_word' id='word_1_361' title='bbox 1466 2365 1646 2416; x_wconf 59' lang='lat' dir='ltr'>praedicti</span> 
     </span>
     <span class='ocr_line' id='line_1_38' title="bbox 133 2417 1646 2468; baseline 0.001 -11"><span class='ocrx_word' id='word_1_362' title='bbox 133 2424 203 2457; x_wconf 83' lang='lat' dir='ltr'>aut</span> <span class='ocrx_word' id='word_1_363' title='bbox 231 2418 399 2457; x_wconf 85' lang='lat' dir='ltr'>aliorum</span> <span class='ocrx_word' id='word_1_364' title='bbox 427 2418 732 2468; x_wconf 58' lang='lat' dir='ltr'>praemissorum,</span> <span class='ocrx_word' id='word_1_365' title='bbox 756 2430 826 2468; x_wconf 83' lang='lat' dir='ltr'>per</span> <span class='ocrx_word' id='word_1_366' title='bbox 845 2431 917 2456; x_wconf 90' lang='lat' dir='ltr'>nos</span> <span class='ocrx_word' id='word_1_367' title='bbox 938 2417 1001 2456; x_wconf 81' lang='lat' dir='ltr'>vel</span> <span class='ocrx_word' id='word_1_368' title='bbox 1026 2417 1203 2456; x_wconf 70' lang='lat' dir='ltr'>haeredes</span> <span class='ocrx_word' id='word_1_369' title='bbox 1232 2424 1388 2457; x_wconf 85' lang='lat' dir='ltr'>nostros</span> <span class='ocrx_word' id='word_1_370' title='bbox 1417 2432 1485 2457; x_wconf 89' lang='lat' dir='ltr'>seu</span> <span class='ocrx_word' id='word_1_371' title='bbox 1514 2420 1646 2458; x_wconf 87' lang='lat' dir='ltr'>minis-</span> 
     </span>
     <span class='ocr_line' id='line_1_39' title="bbox 132 2471 1643 2523; baseline 0.001 -13"><span class='ocrx_word' id='word_1_372' title='bbox 132 2480 215 2511; x_wconf 84' lang='lat' dir='ltr'>tros</span> <span class='ocrx_word' id='word_1_373' title='bbox 245 2478 412 2519; x_wconf 83' lang='lat' dir='ltr'>nostros,</span> <span class='ocrx_word' id='word_1_374' title='bbox 444 2471 507 2510; x_wconf 73' lang='lat' dir='ltr'>vel</span> <span class='ocrx_word' id='word_1_375' title='bbox 536 2471 740 2510; x_wconf 61' lang='lat' dir='ltr'>haeredum</span> <span class='ocrx_word' id='word_1_376' title='bbox 773 2478 1012 2519; x_wconf 88' lang='lat' dir='ltr'>nostrorum,</span> <span class='ocrx_word' id='word_1_377' title='bbox 1043 2485 1311 2523; x_wconf 81' lang='lat' dir='ltr'>quoscunque,</span> <span class='ocrx_word' id='word_1_378' title='bbox 1334 2473 1643 2521; x_wconf 83' lang='lat' dir='ltr'>occasionentur‚</span> 
     </span>
     <span class='ocr_line' id='line_1_40' title="bbox 132 2525 1644 2577; baseline 0.001 -13"><span class='ocrx_word' id='word_1_379' title='bbox 132 2527 395 2566; x_wconf 83' lang='lat' dir='ltr'>molestentur</span> <span class='ocrx_word' id='word_1_380' title='bbox 424 2525 464 2563; x_wconf 91' lang='lat' dir='ltr'>in</span> <span class='ocrx_word' id='word_1_381' title='bbox 494 2525 638 2576; x_wconf 82' lang='lat' dir='ltr'>aliquo,</span> <span class='ocrx_word' id='word_1_382' title='bbox 670 2539 740 2564; x_wconf 90' lang='lat' dir='ltr'>seu</span> <span class='ocrx_word' id='word_1_383' title='bbox 767 2531 994 2576; x_wconf 77' lang='lat' dir='ltr'>graventur.</span> <span class='ocrx_word' id='word_1_384' title='bbox 1055 2526 1103 2564; x_wconf 88' lang='lat' dir='ltr'>In</span> <span class='ocrx_word' id='word_1_385' title='bbox 1133 2527 1246 2577; x_wconf 84' lang='lat' dir='ltr'>cujus</span> <span class='ocrx_word' id='word_1_386' title='bbox 1276 2527 1331 2565; x_wconf 84' lang='lat' dir='ltr'>rei</span> <span class='ocrx_word' id='word_1_387' title='bbox 1371 2527 1644 2566; x_wconf 81' lang='lat' dir='ltr'>testimonium</span> 
     </span>
     <span class='ocr_line' id='line_1_41' title="bbox 132 2579 1137 2631; baseline 0.001 -12"><span class='ocrx_word' id='word_1_388' title='bbox 132 2587 205 2619; x_wconf 81' lang='lat' dir='ltr'>etc.</span> <span class='ocrx_word' id='word_1_389' title='bbox 263 2581 307 2619; x_wconf 92' lang='lat' dir='ltr'>T.</span> <span class='ocrx_word' id='word_1_390' title='bbox 358 2580 466 2630; x_wconf 80' lang='lat' dir='ltr'>Rege</span> <span class='ocrx_word' id='word_1_391' title='bbox 486 2580 592 2630; x_wconf 85' lang='lat' dir='ltr'>apud</span> <span class='ocrx_word' id='word_1_392' title='bbox 612 2579 779 2618; x_wconf 55' lang='lat' dir='ltr'>lVestm.</span> <span class='ocrx_word' id='word_1_393' title='bbox 802 2581 871 2619; x_wconf 77' lang='lat' dir='ltr'>xix</span> <span class='ocrx_word' id='word_1_394' title='bbox 893 2580 957 2618; x_wconf 91' lang='lat' dir='ltr'>die</span> <span class='ocrx_word' id='word_1_395' title='bbox 977 2580 1137 2631; x_wconf 79' lang='lat' dir='ltr'>Aprilis.</span> 
     </span>
    </p>
   </div>
   <div class='ocr_carea' id='block_1_4' title="bbox 130 2687 1645 2956">
    <p class='ocr_par' dir='ltr' id='par_1_4' title="bbox 130 2687 1645 2902">
     <span class='ocr_line' id='line_1_42' title="bbox 189 2687 1645 2741; baseline 0 -14"><span class='ocrx_word' id='word_1_396' title='bbox 189 2691 276 2727; x_wconf 87' lang='lat'>101.</span> <span class='ocrx_word' id='word_1_397' title='bbox 309 2688 416 2741; x_wconf 84' lang='lat' dir='ltr'>[Inq.</span> <span class='ocrx_word' id='word_1_398' title='bbox 437 2687 487 2726; x_wconf 88' lang='lat' dir='ltr'>ad</span> <span class='ocrx_word' id='word_1_399' title='bbox 508 2687 624 2736; x_wconf 80' lang='lat' dir='ltr'>Quod</span> <span class='ocrx_word' id='word_1_400' title='bbox 654 2687 875 2734; x_wconf 60' lang='grc'>(1111111111111,1</span> <span class='ocrx_word' id='word_1_401' title='bbox 901 2690 948 2725; x_wconf 84' lang='lat'>14</span> <span class='ocrx_word' id='word_1_402' title='bbox 970 2688 1053 2727; x_wconf 81' lang='lat' dir='ltr'>Rie.</span> <span class='ocrx_word' id='word_1_403' title='bbox 1079 2699 1118 2727; x_wconf 84' lang='grc' dir='ltr'>ΙΙ.</span> <span class='ocrx_word' id='word_1_404' title='bbox 1141 2687 1298 2741; x_wconf 83' lang='grc' dir='ltr'><strong>[139Ο],</strong></span> <span class='ocrx_word' id='word_1_405' title='bbox 1321 2688 1395 2727; x_wconf 77' lang='lat' dir='ltr'>No.</span> <span class='ocrx_word' id='word_1_406' title='bbox 1419 2689 1645 2741; x_wconf 75' lang='lat' dir='ltr'>104.]-In-</span> 
     </span>
     <span class='ocr_line' id='line_1_43' title="bbox 132 2741 1643 2794; baseline 0.001 -13"><span class='ocrx_word' id='word_1_407' title='bbox 132 2743 294 2794; x_wconf 87' lang='lat' dir='ltr'>quisitio</span> <span class='ocrx_word' id='word_1_408' title='bbox 324 2747 439 2793; x_wconf 87' lang='lat' dir='ltr'>capta</span> <span class='ocrx_word' id='word_1_409' title='bbox 467 2742 574 2793; x_wconf 84' lang='lat' dir='ltr'>apud</span> <span class='ocrx_word' id='word_1_410' title='bbox 603 2742 720 2781; x_wconf 88' lang='lat' dir='ltr'>Ebor.</span> <span class='ocrx_word' id='word_1_411' title='bbox 752 2741 895 2780; x_wconf 89' lang='lat' dir='ltr'>ultimo</span> <span class='ocrx_word' id='word_1_412' title='bbox 925 2742 990 2780; x_wconf 89' lang='lat' dir='ltr'>die</span> <span class='ocrx_word' id='word_1_413' title='bbox 1009 2743 1185 2794; x_wconf 87' lang='lat' dir='ltr'>Augusti</span> <span class='ocrx_word' id='word_1_414' title='bbox 1205 2743 1260 2781; x_wconf 76' lang='grc' dir='ltr'>ΑΟ</span> <span class='ocrx_word' id='word_1_415' title='bbox 1279 2757 1308 2781; x_wconf 84' lang='grc' dir='ltr'>Γ.</span> <span class='ocrx_word' id='word_1_416' title='bbox 1332 2743 1453 2794; x_wconf 83' lang='lat' dir='ltr'>Regis</span> <span class='ocrx_word' id='word_1_417' title='bbox 1482 2743 1643 2783; x_wconf 83' lang='lat' dir='ltr'>Ricardi</span> 
     </span>
     <span class='ocr_line' id='line_1_44' title="bbox 131 2795 1643 2848; baseline 0 -12"><span class='ocrx_word' id='word_1_418' title='bbox 131 2797 295 2836; x_wconf 89' lang='lat' dir='ltr'>secundi</span> <span class='ocrx_word' id='word_1_419' title='bbox 324 2801 415 2848; x_wconf 87' lang='lat' dir='ltr'>post</span> <span class='ocrx_word' id='word_1_420' title='bbox 443 2795 716 2846; x_wconf 85' lang='lat' dir='ltr'>Conquestum</span> <span class='ocrx_word' id='word_1_421' title='bbox 737 2795 894 2846; x_wconf 76' lang='lat' dir='ltr'>Angliae</span> <span class='ocrx_word' id='word_1_422' title='bbox 925 2802 1066 2846; x_wconf 83' lang='lat' dir='ltr'>quarto</span> <span class='ocrx_word' id='word_1_423' title='bbox 1097 2796 1260 2843; x_wconf 83' lang='lat' dir='ltr'>decimo,</span> <span class='ocrx_word' id='word_1_424' title='bbox 1291 2810 1420 2835; x_wconf 83' lang='lat' dir='ltr'>coram</span> <span class='ocrx_word' id='word_1_425' title='bbox 1441 2796 1643 2836; x_wconf 73' lang='lat' dir='ltr'>willelmo</span> 
     </span>
     <span class='ocr_line' id='line_1_45' title="bbox 130 2849 1644 2902; baseline 0 -12"><span class='ocrx_word' id='word_1_426' title='bbox 130 2852 256 2899; x_wconf 86' lang='lat' dir='ltr'>Frost,</span> <span class='ocrx_word' id='word_1_427' title='bbox 279 2851 489 2889; x_wconf 89' lang='lat' dir='ltr'>Escaetore</span> <span class='ocrx_word' id='word_1_428' title='bbox 519 2850 617 2888; x_wconf 86' lang='lat' dir='ltr'>dicti</span> <span class='ocrx_word' id='word_1_429' title='bbox 645 2850 810 2888; x_wconf 91' lang='lat' dir='ltr'>Domini</span> <span class='ocrx_word' id='word_1_430' title='bbox 830 2849 950 2901; x_wconf 88' lang='lat' dir='ltr'>Regis</span> <span class='ocrx_word' id='word_1_431' title='bbox 980 2851 1020 2888; x_wconf 89' lang='lat' dir='ltr'>in</span> <span class='ocrx_word' id='word_1_432' title='bbox 1050 2850 1160 2889; x_wconf 89' lang='lat' dir='ltr'>Com.</span> <span class='ocrx_word' id='word_1_433' title='bbox 1183 2851 1313 2897; x_wconf 63' lang='lat' dir='ltr'>Ebor„</span> <span class='ocrx_word' id='word_1_434' title='bbox 1338 2851 1487 2889; x_wconf 85' lang='lat' dir='ltr'>virtute</span> <span class='ocrx_word' id='word_1_435' title='bbox 1517 2852 1644 2902; x_wconf 83' lang='lat' dir='ltr'>cujus-</span> 
     </span>
    </p>

    <p class='ocr_par' dir='ltr' id='par_1_5' title="bbox 131 2903 1645 2956">
     <span class='ocr_line' id='line_1_46' title="bbox 131 2903 1645 2956; baseline 0 -12"><span class='ocrx_word' id='word_1_436' title='bbox 131 2906 223 2944; x_wconf 86' lang='lat' dir='ltr'>dam</span> <span class='ocrx_word' id='word_1_437' title='bbox 251 2905 382 2944; x_wconf 79' lang='lat' dir='ltr'>brevis</span> <span class='ocrx_word' id='word_1_438' title='bbox 411 2904 507 2943; x_wconf 89' lang='lat' dir='ltr'>dicti</span> <span class='ocrx_word' id='word_1_439' title='bbox 538 2904 701 2943; x_wconf 88' lang='lat' dir='ltr'>Domini</span> <span class='ocrx_word' id='word_1_440' title='bbox 731 2903 851 2955; x_wconf 80' lang='lat' dir='ltr'>Regis</span> <span class='ocrx_word' id='word_1_441' title='bbox 886 2910 926 2942; x_wconf 89' lang='lat' dir='ltr'>et</span> <span class='ocrx_word' id='word_1_442' title='bbox 957 2904 1049 2943; x_wconf 83' lang='lat' dir='ltr'>huic</span> <span class='ocrx_word' id='word_1_443' title='bbox 1083 2905 1339 2956; x_wconf 83' lang='lat' dir='ltr'>Inquisitioni</span> <span class='ocrx_word' id='word_1_444' title='bbox 1374 2905 1541 2951; x_wconf 87' lang='lat' dir='ltr'>consuti,</span> <span class='ocrx_word' id='word_1_445' title='bbox 1575 2920 1645 2956; x_wconf 78' lang='lat' dir='ltr'>per</span> 
     </span>
    </p>
   </div>
   <div class='ocr_carea' id='block_1_5' title="bbox 175 2974 1616 3017">
    <p class='ocr_par' dir='ltr' id='par_1_6' title="bbox 175 2974 1616 3017">
     <span class='ocr_line' id='line_1_47' title="bbox 175 2974 1616 3017; baseline 0.002 -10"><span class='ocrx_word' id='word_1_446' title='bbox 175 2977 182 2996; x_wconf 88' lang='lat'>¹</span> <span class='ocrx_word' id='word_1_447' title='bbox 211 2976 302 3007; x_wconf 76' lang='lat' dir='ltr'>Writ</span> <span class='ocrx_word' id='word_1_448' title='bbox 322 2975 495 3016; x_wconf 69' lang='grc' dir='ltr'>(11100111ιὲΓ</span> <span class='ocrx_word' id='word_1_449' title='bbox 513 2974 571 3006; x_wconf 82' lang='lat' dir='ltr'>the</span> <span class='ocrx_word' id='word_1_450' title='bbox 588 2974 793 3016; x_wconf 77' lang='lat' dir='ltr'>inquisition</span> <span class='ocrx_word' id='word_1_451' title='bbox 811 2974 916 3006; x_wconf 82' lang='lat' dir='ltr'>dated</span> <span class='ocrx_word' id='word_1_452' title='bbox 934 2979 971 3007; x_wconf 84' lang='lat' dir='ltr'>at</span> <span class='ocrx_word' id='word_1_453' title='bbox 988 2975 1248 3009; x_wconf 55' lang='lat' dir='ltr'>XVestminster.</span> <span class='ocrx_word' id='word_1_454' title='bbox 1270 2977 1289 3007; x_wconf 86' lang='grc'><strong>9</strong></span> <span class='ocrx_word' id='word_1_455' title='bbox 1308 2976 1403 3017; x_wconf 79' lang='lat' dir='ltr'>May,</span> <span class='ocrx_word' id='word_1_456' title='bbox 1428 2977 1465 3007; x_wconf 83' lang='lat'>13</span> <span class='ocrx_word' id='word_1_457' title='bbox 1484 2976 1556 3008; x_wconf 71' lang='lat' dir='ltr'>Ric.</span> <span class='ocrx_word' id='word_1_458' title='bbox 1581 2987 1616 3010; x_wconf 88' lang='lat'>11.</span> 
     </span>
    </p>
   </div>
  </div>
 </body>
</html>
