2033 3242
802 318 1032 349 APPENDIX.
1599 314 1621 348 4
1629 314 1649 349 2
1657 313 1679 349 5

162 422 249 462 deri
264 421 413 462 :—-Nos
433 421 566 472 igitur,
589 421 826 460 auctoritate
846 421 1011 460 Domini
1030 421 1160 472 Papae,
1183 421 1298 472 cujus
1329 421 1516 472 primarie
1545 435 1679 461 curam

161 476 346 528 gerimus,
378 476 491 513 vobis
520 475 808 514 committimus
836 476 1046 526 quatinuss
1068 477 1100 513 si
1130 480 1190 514 est
1218 476 1286 524 ita,
1315 489 1388 529 per
1417 488 1487 514 vos
1516 476 1580 515 vel
1609 490 1678 527 per

159 531 284 569 alium
306 529 508 568 Abbatem
536 529 651 568 illum
680 542 703 567 a
731 529 847 568 dictae
877 529 1299 569 excommunicationis
1329 529 1540 577 sententia,
1561 530 1679 580 juxta

160 585 331 623 formam
363 583 560 633 Ecelesiae,
591 583 808 622 absolvatis
825 598 836 631 3
864 589 905 622 et
935 584 1095 634 proviso
1123 583 1231 634 quod
1265 597 1421 634 semper
1451 597 1571 635 super
1603 584 1676 622 hoc

159 638 324 677 Domini
358 637 477 688 Papae
509 644 550 677 et
582 638 773 676 Romanae
807 636 993 676 Ecclesiae
1023 637 1224 676 mandatis
1261 638 1428 691 parebit,
1463 650 1588 688 eoque
1627 638 1675 676 ad

160 699 329 744 tempus,
365 697 485 742 prout
518 691 707 744 expedire
741 690 936 740 videritis,
970 705 994 730 a
1026 705 1190 730 suorum
1223 693 1409 732 ordinum
1440 691 1674 730 executione

159 759 361 798 suspenso,
396 744 559 785 demum
592 746 902 796 suffragantibus
935 745 1011 784 sibi
1044 745 1198 785 meritis
1228 759 1348 798 super
1380 745 1674 797 irregularitate

158 800 266 839 dicto
304 798 425 839 modo
463 805 680 848 contracta,
720 798 753 837 si
790 799 899 838 aliud
937 813 1018 839 non
1056 800 1236 848 obsistat,
1273 814 1364 840 cum
1400 800 1488 851 ipso
1526 799 1675 838 miseri—

158 854 333 893 corditer
379 852 629 906 dispensetis,

156 908 322 948 Domini
350 907 545 948 Bonifacii
574 909 694 959 Papae
723 906 835 946 VIIIvi
864 914 904 946 a0
932 907 1254 956 vita—Quarum
1282 908 1521 948 auctoritate
1550 908 1674 946 litter-

155 976 269 1002 arum
288 962 403 1002 vobis
434 963 721 1002 committimus
753 967 794 1001 et
821 961 1057 1000 mandamus
1086 962 1287 1013 quatinus,
1310 963 1343 1002 si
1363 967 1424 1002 est
1452 962 1519 1010 ita,
1541 961 1672 1013 ipsum

155 1017 393 1056 auctoritate
413 1017 528 1056 nobis
547 1017 589 1055 in
617 1016 691 1055 hac
710 1020 823 1068 parte
844 1016 1052 1055 commissa
1080 1029 1103 1054 a
1122 1016 1298 1067 praefatae
1327 1016 1674 1056 excommunicati-

154 1071 241 1110 onis
279 1072 490 1119 sententia‚
527 1071 645 1122 juxta
676 1070 847 1111 formam
874 1069 1070 1117 Ecclesiae,
1102 1070 1329 1119 absolvatis,
1361 1076 1402 1109 et
1434 1074 1594 1120 recepto
1624 1070 1673 1107 ab

153 1125 240 1175 ipso
268 1125 456 1176 primitus
483 1125 712 1176 juramento
732 1124 840 1176 quod
860 1137 1016 1174 semper
1038 1137 1158 1174 super
1185 1124 1261 1163 hoc
1288 1124 1453 1163 Domini
1481 1124 1602 1174 Papae
1632 1130 1672 1161 et

154 1179 311 1218 Sanctae
343 1180 534 1219 Romanae
562 1178 748 1218 Ecclesiae
781 1177 981 1216 mandatis
1011 1177 1177 1229 parebit,
1210 1191 1299 1218 cum
1327 1179 1425 1230 ipso,
1456 1183 1576 1229 prout
1607 1190 1671 1215 ex-

152 1233 290 1284 pedire
323 1234 517 1281 videritis,
558 1247 582 1272 a
619 1246 781 1272 suorum
820 1232 1007 1271 ordinum
1045 1232 1283 1271 executione
1321 1245 1513 1284 suspenso
1551 1244 1670 1282 super

152 1287 447 1338 irregularitate
462 1287 571 1326 dicto
586 1287 706 1326 modo
727 1290 941 1333 contracta,
960 1285 1081 1336 juxta
1095 1286 1266 1324 formam
1280 1286 1509 1325 litterarum
1523 1285 1671 1323 miseri-

152 1342 326 1380 corditer
345 1341 598 1393 dispensetiS.
656 1341 809 1380 Valete.
860 1339 1014 1378 Datum
1043 1339 1150 1390 apud
1165 1339 1323 1379 Lanum
1342 1340 1401 1378 iiii
1420 1339 1517 1378 Idus
1543 1339 1670 1383 Junii,

151 1396 207 1434 A⁰
228 1395 295 1435 Gr.
318 1396 382 1434 M0
402 1403 484 1435 cccO
504 1401 544 1434 et
563 1395 828 1434 Pontificatus
847 1393 976 1433 nostri
996 1393 1138 1444 primo.

209 1502 295 1539 106.
329 1498 606 1553 [Greenfield.]
647 1498 820 1537 Contra1
833 1496 1037 1536 Abbatem
1057 1501 1098 1535 et
1113 1495 1369 1535 Conventum
1382 1495 1666 1546 Ryevallenses

152 1553 521 1606 [1308].—Viginti
545 1558 586 1591 et
610 1552 781 1604 septimo
801 1551 865 1590 die
885 1550 1082 1598 (Ianuarii,
1104 1551 1159 1588 AO
1175 1550 1246 1589 Gr.
1267 1550 1332 1589 ΜΟ
1348 1557 1429 1589 ccc0
1441 1550 1538 1598 viii0‚
1561 1550 1668 1601 apud

156 1608 320 1658 Wilton,
356 1621 488 1647 coram
521 1607 636 1646 nobis
665 1605 880 1652 willelmo,
913 1609 1000 1653 etc.,
1032 1605 1075 1643 in
1109 1605 1272 1656 negotio
1307 1618 1357 1643 ex
1391 1604 1517 1643 officio
1556 1609 1666 1643 moto

149 1667 289 1701 contra
334 1662 558 1713 Religiosos
595 1661 712 1708 viros,
753 1660 957 1698 Abbatem
995 1663 1036 1697 et
1074 1658 1332 1698 Conventum
1370 1658 1419 1696 de
1457 1658 1665 1708 Ryevalle,

149 1721 288 1755 contra
316 1716 381 1767 jus
410 1727 619 1754 commune
639 1714 834 1753 decimam
853 1714 1066 1765 garbarum
1086 1712 1135 1751 de
1163 1717 1316 1763 septem
1337 1713 1529 1750 carucatis
1549 1717 1665 1750 terrae

147 1770 188 1808 in
201 1770 391 1821 parochia
404 1769 590 1808 Ecclesiae
603 1768 653 1807 de
668 1768 915 1815 Thorntoua,
933 1767 1127 1805 decimam
1143 1766 1192 1805 de
1208 1766 1391 1804 ducentis
1406 1766 1637 1804 bidentibus
1651 1767 1666 1790 '2

148 1829 189 1863 et
208 1824 385 1875 quinque
409 1823 625 1862 tretentis2
654 1822 695 1861 in
725 1822 864 1861 eadem
891 1820 1080 1872 parochia
1092 1836 1102 1869 3
1131 1820 1230 1858 item
1250 1820 1444 1858 decimam
1465 1820 1515 1858 de
1535 1820 1665 1858 tribus

147 1878 341 1917 carucatis
369 1881 487 1916 terrae
515 1877 622 1915 infra
649 1876 879 1927 parochiam
907 1875 1092 1913 Ecclesiae
1121 1874 1170 1913 de
1199 1874 1386 1924 Kirkeby
1414 1874 1665 1925 Misperton:

147 1932 332 1971 similiter
365 1931 562 1970 decimam
595 1935 755 1969 centum
793 1929 1022 1968 bidentium
1067 1928 1110 1966 in
1148 1927 1287 1966 eadem
1324 1927 1538 1979 parochia3
1566 1928 1662 1966 item

146 1986 341 2025 decimam
369 1986 584 2037 garbarum
612 1990 653 2023 et
681 1984 763 2022 feni
793 1984 843 2022 de
873 1983 1028 2022 cultura
1056 1995 1144 2033 quae
1163 1988 1330 2020 vocatur
1350 1981 1538 2020 Scaltona
1565 1995 1664 2021 cres-

146 2040 322 2079 centium
345 2040 387 2078 in
416 2039 605 2090 parochia
623 2038 809 2076 Ecclesiae
838 2037 887 2076 de
918 2037 1115 2083 Scaltona,
1138 2036 1180 2073 in
1209 2048 1372 2087 gravem
1391 2040 1432 2074 et
1461 2048 1659 2075 enormem

144 2094 347 2133 laesionem
376 2093 629 2132 ecclesiarum
658 2092 940 2144 praedictarum
968 2090 1244 2142 percipientes,
1275 2095 1514 2141 occupantes
1542 2096 1661 2140 atque

145 2152 339 2195 tenentes,
363 2161 406 2186 ac
436 2147 487 2185 ad
506 2146 775 2193 refectionem,
799 2145 1148 2191 constructionem,
1170 2143 1464 2195 reparationem
1488 2143 1660 2182 ecclesiae

145 2202 195 2241 de
215 2201 402 2252 Kirkeby
421 2201 649 2251 Misperton
669 2199 880 2251 praedictae,
903 2212 972 2237 seu
991 2198 1121 2236 eidem
1141 2197 1218 2236 alia
1238 2210 1357 2236 onera
1376 2197 1658 2245 incumbentia,

145 2261 344 2307 quatenus
365 2255 525 2293 eosdem
545 2254 795 2304 contingunt,
818 2266 900 2292 una
928 2265 1018 2291 cum
1038 2252 1190 2290 caeteris
1210 2251 1459 2302 parochianis
1482 2252 1661 2291 conferre

145 2323 214 2348 seu
251 2309 502 2348 contribuere
532 2308 880 2354 contradicentes,3
908 2311 1069 2345 vocatos
1105 2305 1373 2357 peremptorie
1413 2305 1463 2344 ad
1492 2305 1660 2344 eandem

144 2363 252 2402 diem
280 2363 331 2401 ad
362 2361 633 2401 exhibendum
660 2366 701 2400 et
729 2360 1023 2399 ostendendum
1048 2373 1120 2410 pro
1141 2360 1312 2398 termino
1332 2360 1494 2410 praeciso
1516 2365 1556 2398 et
1574 2373 1657 2410 per-

145 2417 354 2468 emptorio,
377 2415 567 2467 quicquid
588 2416 785 2454 haberent
804 2414 1037 2453 canonicum
1058 2427 1175 2464 super
1195 2413 1394 2452 dictarum
1414 2413 1655 2452 decimarum

188 2495 201 2515 1
223 2495 310 2527 This
334 2495 408 2526 will
433 2494 477 2526 be
500 2505 581 2525 seen
609 2497 646 2525 to
669 2493 712 2525 be
737 2504 781 2525 an
803 2504 858 2525 ex-

144 2542 239 2571 tract
262 2539 298 2570 os
322 2549 406 2579 very
430 2537 669 2569 considerable
696 2538 855 2574 interest,

144 2583 215 2614 and
245 2583 282 2613 in
305 2593 400 2613 more
424 2581 635 2622 particulars
659 2580 745 2612 than
770 2592 857 2614 one:

144 2626 198 2657 for
224 2626 254 2657 it
280 2628 364 2667 puts
388 2625 559 2666 precisely
582 2624 701 2655 before
732 2634 772 2655 us
797 2624 858 2655 the

143 2672 267 2701 extent
290 2669 326 2700 of
351 2668 411 2700 the
436 2668 584 2699 interest
607 2667 787 2709 possessed
811 2667 857 2708 by

145 2713 205 2744 the
229 2712 402 2749 Convent,
428 2715 465 2742 at
488 2711 550 2742 the
574 2710 656 2742 (late
679 2711 853 2752 assigned,

143 2756 181 2787 in
197 2756 258 2787 the
274 2754 409 2786 several
431 2754 546 2795 places
563 2753 727 2795 specified
741 2766 749 2789 ς
773 2764 856 2785 over

142 2799 213 2831 and
229 2799 338 2830 above
355 2799 468 2829 minor
485 2801 631 2829 matters
647 2797 766 2828 noted.

186 2845 199 2864 2
225 2842 338 2883 Sheep
354 2842 391 2872 in
406 2841 500 2872 their
521 2840 648 2872 second
672 2851 765 2882 year,
788 2840 856 2871 and

143 2886 250 2927 sheep
266 2886 302 2916 in
319 2885 413 2916 their
429 2884 528 2915 third
547 2895 641 2925 year.
688 2884 761 2915 The
779 2894 855 2924 pro-

144 2929 272 2960 vincial
296 2928 516 2969 equivalents
534 2927 587 2958 for
606 2927 704 2958 these
728 2926 853 2964 words,

142 2972 217 3003 still
233 2975 357 3004 extant
381 2972 417 3002 iu
441 2981 533 3002 some
557 2970 715 3002 districts
739 2970 775 3001 of
797 2970 856 3001 the

946 2493 1062 2524 North
1088 2495 1158 2532 (see
1175 2492 1360 2524 Peacock⁷s
1376 2492 1547 2524 Lomdale
1565 2492 1657 2524 Glos»

945 2539 1041 2577 sary)
1059 2547 1117 2567 are
1134 2536 1266 2567 tim'nter
1286 2536 1355 2567 and
1372 2536 1526 2567 tlzrinter.
1572 2535 1656 2567 Hal-

945 2580 1062 2618 liwell,
1103 2579 1276 2618 however,
1317 2579 1413 2620 gives
1457 2579 1517 2610 the
1559 2579 1655 2610 word

945 2623 1076 2654 twinter
1091 2633 1129 2654 as
1142 2623 1304 2664 meaning
1320 2634 1340 2653 a
1360 2624 1382 2638 “
1395 2622 1658 2663 two-years-old

944 2667 1034 2698 beast
1046 2666 1063 2679 ’³
1079 2678 1087 2704 ;
1111 2666 1176 2698 but
1192 2665 1425 2706 erroneously.

986 2709 999 2728 3
1025 2710 1108 2741 This
1131 2709 1261 2741 refusal
1284 2720 1329 2740 on
1349 2709 1410 2740 the
1433 2711 1514 2750 part
1537 2707 1572 2739 of
1595 2708 1655 2739 the

944 2753 1104 2785 Convent
1120 2755 1157 2784 to
1173 2753 1215 2783 bc
1233 2752 1478 2792 contributory
1490 2756 1526 2783 to
1542 2752 1656 2783 either

942 2797 1002 2828 the
1018 2796 1241 2834 restoration,
1260 2796 1386 2837 repair,
1403 2806 1441 2826 or
1457 2794 1657 2837 rebuilding

942 2839 977 2871 of
993 2840 1055 2871 the
1071 2839 1192 2881 parish
1210 2839 1341 2870 church
1359 2838 1394 2869 of
1412 2838 1553 2879 Kirkby
1570 2839 1653 2870 Mis-

942 2886 1067 2924 perton
1112 2893 1193 2924 may
1231 2885 1294 2913 not
1340 2882 1381 2913 be
1419 2882 1570 2913 without
1608 2882 1654 2913 its

942 2928 1091 2957 interest
1114 2927 1149 2957 in
1174 2926 1235 2957 the
1259 2925 1437 2967 parochial
1460 2925 1596 2966 history
1620 2926 1655 2957 of

942 2970 1002 3001 the
1019 2969 1094 3001 said
1109 2970 1216 3011 place.

872 3023 940 3058 ΞΕ
