2033 3242
377 220 457 256 302
810 226 1123 256 CARTULARIUM
1144 226 1448 257 RIEVALLENSE.

376 332 413 373 S.
448 331 622 372 Botulfo
653 364 662 373 .
693 365 701 372 .
734 364 742 372 .
775 331 877 372 fecit
906 331 1028 371 Deo.
1051 363 1059 371 .
1083 363 1091 372 .
1113 330 1166 371 de
1187 331 1370 384 quadam
1401 331 1612 385 particula
1641 336 1760 372 terrae
1787 344 1886 372 con-

375 390 494 444 tigua
524 389 670 430 domui
689 389 880 443 ipsorum
900 388 1207 429 monachorum
1227 389 1273 428 in
1294 389 1399 429 villa
1429 389 1479 430 de
1510 389 1548 430 S.
1582 389 1765 438 Botulfo,
1787 403 1885 429 cum

374 447 673 501 pertinenciis:
707 446 1031 488 Concessionem
1053 479 1061 487 .
1084 479 1092 487 .
1115 479 1124 487 .
1148 459 1253 499 quas
1276 445 1488 488 Gerardus
1511 452 1553 487 et
1574 448 1811 501 Raginerus
1834 447 1886 487 de

377 506 415 546 S.
439 505 613 545 Botulfo
634 537 642 546 .
666 538 674 545 .
696 537 704 545 .
728 505 922 545 fecerunt
943 504 1036 544 Deo
1056 536 1064 544 .
1089 536 1097 544 .
1121 537 1129 546 .
1151 504 1203 544 de
1225 507 1314 544 tota
1334 508 1458 554 terra,
1479 519 1577 546 cum
1598 505 1886 558 pertinenciis,

375 564 420 603 in
441 563 545 603 villa
568 563 606 603 S.
629 562 802 611 Botulfi,
817 575 946 615 quam
967 561 1098 602 iidem
1111 561 1324 602 Gerardus
1341 567 1382 602 et
1397 562 1631 616 Raginerus
1646 563 1887 604 habuerunt

378 621 449 674 [m.
474 619 547 675 26]
570 620 683 660 inter
703 623 860 660 terram
881 619 1092 660 Willelmi
1123 619 1201 659 filii
1223 619 1427 660 Wulfrici
1458 626 1500 661 et
1529 624 1684 661 terram
1704 621 1888 661 Walteri

376 677 536 719 Finch:
579 677 906 719 Concessionem
927 711 934 718 .
958 710 965 718 .
989 710 997 717 .
1021 691 1126 731 quas
1161 677 1376 718 Gerardus
1411 678 1463 718 de
1500 678 1538 719 S.
1576 678 1752 719 Botulfo
1785 712 1793 720 .
1830 712 1837 719 .
1877 712 1884 719 .

376 736 478 777 fecit
505 736 598 776 Deo
629 768 638 777 .
670 768 677 776 .
710 769 718 777 .
751 735 803 776 de
825 740 916 776 tota
936 736 1130 788 portione
1151 749 1227 776 sua
1249 740 1382 785 terme,
1403 749 1502 776 cum
1532 736 1819 789 pertinenciis,
1840 737 1887 776 in

377 793 480 834 villa
496 794 534 834 S.
553 793 713 834 Botulfi
734 807 829 847 quae
849 794 1019 833 abuttat
1040 807 1167 847 super
1186 793 1368 847 DeppoL
1389 807 1515 847 quam
1539 794 1653 835 idem
1676 795 1888 835 Gerardus

376 855 419 892 et
455 852 703 905 Raginerus,
739 852 870 892 frater
909 865 1023 900 suus,
1058 851 1302 892 habuerunt
1342 852 1454 892 inter
1485 856 1641 892 terram
1676 852 1888 893 Willelmi

374 909 453 949 filii
473 909 678 950 leeriae
699 914 741 950 et
770 915 927 950 terrani
947 909 1128 950 Walteri
1150 909 1322 958 Finche,
1343 923 1441 950 cum
1462 909 1607 950 liberis
1636 910 1824 951 exitibus
1845 915 1889 951 et

375 967 650 1008 introitibus:
683 968 1010 1009 Concessionem
1042 1001 1049 1008 .
1082 1000 1090 1008 .
1123 1001 1131 1008 .
1164 981 1270 1021 quas
1301 967 1540 1021 Raginerus
1572 968 1623 1008 de
1650 968 1689 1008 S.
1713 968 1887 1009 Botulfo

375 1058 383 1066 .
406 1059 414 1066 .
436 1058 444 1066 .
468 1025 569 1066 fecit
586 1025 679 1066 Deo
701 1058 709 1067 .
733 1059 741 1067 .
767 1059 774 1067 .
797 1025 849 1066 de
864 1030 955 1066 tota
970 1025 1164 1079 portione
1181 1039 1258 1066 sua
1273 1029 1405 1074 terrae,
1423 1039 1520 1066 cum
1536 1025 1824 1079 pertinenciis,
1841 1027 1887 1066 in

375 1083 481 1123 villa
503 1083 542 1124 S.
566 1083 726 1124 Botulfi
746 1097 842 1137 quae
864 1083 1033 1124 abuttat
1061 1097 1187 1137 super
1208 1082 1401 1137 Deppol:
1435 1083 1760 1124 Concessionem
1782 1098 1886 1137 quas

376 1141 595 1182 Walterus
635 1141 749 1182 filius
797 1141 1005 1195 Stephani
1045 1141 1097 1182 de
1139 1141 1350 1190 Skirebec,
1392 1146 1434 1182 et
1475 1141 1732 1182 Benedictus
1772 1142 1887 1183 filius

377 1199 597 1253 Radulphi
627 1199 679 1240 de
709 1200 865 1249 Fenne,
891 1203 933 1241 et
964 1199 1207 1254 Margareta
1238 1199 1326 1240 filia
1358 1199 1537 1240 Gerardi
1568 1199 1619 1240 de
1651 1200 1689 1241 S.
1713 1199 1888 1240 Botulfo

478 1289 486 1298 .
528 1257 722 1298 fecerunt
752 1258 845 1298 Deo
886 1291 894 1299 .
938 1291 945 1298 .
987 1290 995 1299 .
1038 1258 1090 1298 de
1122 1257 1307 1311 quadam
1348 1257 1558 1311 particula
1587 1262 1710 1298 terrae
1741 1258 1889 1298 domui

376 1314 676 1368 praedictorum
707 1315 1013 1356 monachorum
1035 1317 1245 1369 contigua,
1277 1329 1374 1356 cum
1406 1316 1693 1369 pertinenciis,
1714 1315 1760 1355 in
1782 1316 1888 1356 villa

377 1372 429 1413 de
463 1373 501 1414 S.
535 1373 709 1414 Botulfo
746 1374 799 1414 ad
835 1374 1027 1427 Deppol:
1066 1374 1353 1414 Donationem
1384 1406 1392 1414 .
1424 1407 1431 1414 .
1465 1407 1472 1414 .
1506 1387 1611 1427 quas
1642 1373 1887 1415 WVillelmus

377 1430 600 1485 Malebyse
631 1465 639 1472 .
672 1465 680 1473 .
712 1465 719 1472 .
754 1432 854 1472 fecit
895 1432 988 1472 Deo
1029 1465 1037 1473 .
1069 1464 1077 1472 .
1111 1464 1119 1473 .
1161 1431 1213 1472 de
1255 1436 1438 1485 quatuor
1477 1432 1583 1472 acris
1625 1431 1748 1485 prati,
1789 1446 1887 1473 cum

377 1489 667 1542 pertinenciis,
688 1489 734 1529 in
755 1490 946 1539 Acastus,
968 1503 1065 1530 cum
1086 1489 1219 1530 libero
1241 1490 1433 1543 ingressu
1457 1494 1499 1530 et
1521 1503 1691 1544 egressu
1714 1490 1767 1530 ad
1789 1490 1888 1530 fena

378 1560 454 1587 sua
475 1551 518 1588 et
536 1561 603 1588 res
626 1561 723 1588 suas
745 1547 964 1588 cariandas
986 1551 1028 1588 et
1049 1548 1326 1600 asportandas
1357 1561 1431 1601 per
1452 1552 1609 1588 terram
1629 1547 1700 1588 vel
1721 1562 1887 1602 aquam,

377 1604 488 1645 sicut
528 1605 791 1646 commodius
827 1605 1014 1646 viderint
1055 1606 1137 1645 sibi
1177 1605 1386 1659 expedire,
1419 1610 1461 1645 et
1497 1606 1548 1646 de
1584 1606 1766 1646 navibus
1800 1606 1888 1646 suis

377 1663 603 1703 onerandis
635 1667 677 1703 et
707 1663 998 1713 exonerandis,
1029 1663 1074 1703 in
1096 1663 1234 1703 eundo
1250 1663 1320 1703 vel
1349 1663 1565 1704 redeundo
1598 1665 1649 1704 de
1671 1664 1887 1713 nundinis,

377 1720 447 1760 vel
479 1720 531 1761 de
563 1734 819 1774 quocunque
849 1735 1020 1762 necesse
1056 1721 1447 1770 habuerint—scil„
1481 1722 1594 1762 inter
1630 1722 1808 1776 Lidgate
1845 1726 1887 1763 et

380 1778 647 1828 Geuemersc,
670 1784 713 1820 et
745 1779 796 1819 de
826 1779 1001 1819 licentia
1034 1779 1163 1820 eundi
1194 1784 1237 1820 et
1268 1779 1506 1820 deducendi
1536 1793 1601 1820 res
1632 1793 1730 1820 suas
1762 1793 1889 1833 super

379 1843 535 1877 terram
556 1837 691 1890 ipsius
712 1837 925 1877 Willelmi
945 1837 991 1877 in
1013 1837 1188 1877 carectis
1210 1837 1298 1877 suis
1329 1841 1372 1877 et
1393 1837 1523 1878 carris
1545 1837 1644 1886 suis,
1666 1837 1757 1878 sine
1789 1852 1886 1878 con-

379 1895 617 1936 culcatione
648 1896 811 1935 enormi
836 1895 905 1935 vel
934 1895 1105 1936 laesione
1134 1895 1250 1935 bladi
1281 1895 1349 1935 vel
1370 1895 1506 1948 prati:
1539 1896 1887 1948 Resignationem

377 1952 564 2006 insuper,
585 1953 896 1993 concessionem
931 1957 974 1994 et
1004 1953 1195 2007 quietam
1215 1952 1493 1993 clamanciam
1514 1967 1619 2007 quas
1640 1954 1886 1994 VVillelmus

379 2010 431 2051 de
471 2011 596 2052 Tresc
627 2044 634 2051 .
668 2045 675 2052 .
708 2044 716 2052 .
749 2011 852 2052 fecit
893 2012 985 2051 Deo
1026 2044 1033 2052 .
1067 2043 1075 2052 .
1109 2045 1116 2052 .
1160 2011 1211 2051 (16
1251 2015 1342 2051 toto
1378 2011 1473 2062 jure
1515 2016 1557 2052 et
1598 2011 1750 2052 clamio
1791 2026 1887 2066 quae

378 2068 531 2110 habuit
561 2069 629 2109 vel
660 2069 813 2109 habere
844 2069 986 2123 potuit
1021 2069 1067 2108 in
1096 2073 1188 2109 tota
1218 2073 1332 2109 terra
1361 2069 1446 2118 illa,
1469 2083 1566 2110 cum
1598 2070 1887 2122 pertinenciis,

378 2140 507 2180 quam
528 2127 680 2167 habuit
696 2127 747 2168 de
770 2127 1009 2168 haeredibus
1027 2126 1212 2167 Simonis
1232 2127 1442 2167 Tinctoris
1462 2127 1507 2166 in
1524 2127 1629 2168 villa
1650 2128 1701 2168 de
1723 2128 1751 2168 J
1755 2142 1888 2177 arum,

379 2197 474 2237 quae
524 2185 740 2238 quondam
790 2185 874 2225 fuit
913 2185 1094 2239 capitale
1134 2185 1403 2239 mesuagium
1443 2185 1632 2238 ejusdem
1675 2186 1886 2227 Simonis:

377 2242 667 2283 Donationem
699 2275 707 2283 .
740 2276 748 2283 .
782 2276 789 2283 .
821 2257 926 2296 quas
964 2243 1090 2296 Hugo
1128 2243 1178 2283 de
1212 2243 1382 2284 Nortun
1414 2275 1422 2284 .
1454 2276 1462 2284 .
1496 2277 1503 2284 .
1536 2243 1638 2284 fecit
1670 2244 1763 2284 Deo
1794 2277 1802 2284 .
1835 2277 1843 2284 .
1877 2277 1884 2285 .

378 2299 430 2340 de
451 2300 622 2340 redditu
643 2301 788 2341 decem
810 2306 852 2341 et
873 2306 966 2341 octo
987 2301 1256 2342 denariorum
1285 2301 1336 2341 (16
1367 2301 1491 2341 (101110
1522 2315 1598 2342 sua
1630 2315 1724 2355 quae
1746 2307 1811 2342 est
1840 2302 1886 2342 in

379 2357 533 2397 ultima
554 2363 673 2411 parte
695 2359 826 2399 curtis
858 2372 956 2407 suae,
979 2364 1021 2400 et
1052 2373 1147 2412 quae
1178 2363 1242 2400 est
1272 2359 1318 2399 in
1349 2359 1443 2400 vico
1475 2373 1558 2413 quo
1579 2359 1668 2400 itur
1688 2373 1712 2399 a
1733 2373 1886 2414 magna

379 2415 449 2454 via
476 2415 526 2456 de
546 2416 576 2456 J
580 2430 698 2456 arum
731 2417 785 2456 ad
816 2416 1062 2457 ecclesiam:
1095 2417 1383 2457 Donationem
1415 2449 1424 2458 .
1455 2450 1462 2457 .
1495 2450 1503 2458 .
1537 2431 1642 2471 quas
1674 2418 1801 2471 Hugo
1833 2417 1885 2458 de

379 2473 573 2513 Nortona
603 2506 610 2514 .
644 2508 651 2514 .
684 2506 692 2514 .
725 2474 826 2514 fecit
866 2475 958 2515 Deo
991 2508 997 2516 .
1030 2508 1037 2515 .
1070 2508 1077 2515 .
1111 2475 1163 2515 de
1214 2475 1337 2515 domo
1379 2488 1455 2515 sua
1495 2489 1605 2516 nova
1646 2476 1691 2515 in
1731 2476 1885 2516 Jarum

379 2544 525 2571 versus
547 2531 820 2580 occidentem,
842 2546 939 2573 cum
961 2532 1228 2581 tofto—scil„
1250 2533 1302 2573 ab
1334 2532 1436 2572 hora
1467 2533 1598 2573 fontis
1629 2534 1704 2587 qui
1735 2539 1800 2574 est
1831 2534 1885 2574 ad

380 2588 586 2629 orientem
622 2590 811 2642 ejusdem
848 2590 998 2631 domus
1035 2594 1244 2644 quantum
1280 2594 1391 2630 terra
1423 2604 1498 2631 sua
1535 2591 1707 2632 duravit
1737 2605 1884 2632 versus

379 2647 642 2688 occidentem
664 2652 707 2688 et
729 2647 996 2700 aquilonem:
1021 2648 1309 2688 Donationem
1342 2682 1349 2689 .
1381 2681 1388 2688 .
1422 2681 1429 2688 .
1463 2662 1567 2702 quas
1585 2649 1796 2689 Robertus
1811 2650 1883 2698 Pa,

380 2704 493 2745 filius
530 2705 714 2745 Roberto
750 2705 812 2745 Pa
852 2706 903 2745 de
938 2705 1241 2760 Scardaburgh,
1263 2705 1364 2746 fecit
1403 2706 1496 2746 Deo
1526 2739 1534 2747 .
1568 2739 1576 2747 .
1610 2740 1617 2747 .
1649 2707 1701 2747 de
1742 2721 1884 2748 annuo

380 2762 551 2803 redditu
590 2767 772 2816 quatuor
801 2763 1044 2812 solidorum,
1076 2777 1173 2804 cum
1213 2764 1501 2817 pertinenciis,
1531 2764 1800 2818 percipiendo
1832 2764 1884 2806 de

380 2820 564 2873 quadam
586 2820 709 2861 domo
731 2834 859 2874 quam
880 2820 1126 2862 Willelmus
1157 2821 1208 2862 de
1229 2821 1384 2862 Waldo
1415 2822 1630 2875 quondam
1661 2822 1801 2862 tenuit
1831 2822 1883 2863 de

380 2881 498 2932 patre
534 2892 610 2919 5110
640 2879 768 2932 juxta
805 2878 1066 2933 Sandegate:
1095 2879 1383 2920 Donationem
1415 2913 1422 2920 .
1455 2913 1462 2920 .
1496 2913 1504 2921 .
1537 2893 1641 2933 quas
1671 2880 1882 2921 Robertus
