2033 3242
741 306 968 336 APPENDIX.
1532 304 1552 339 4
1563 303 1579 339 l
1589 305 1612 340 3

103 409 321 456 Abbatiae‚1
359 409 558 448 Robertus
596 410 646 448 de
683 410 952 461 Thoraldeby,
991 410 1196 449 Johannes
1235 411 1284 449 de
1332 412 1610 465 Romundeby‚

102 463 256 502 Alanus
275 463 339 502 del
360 463 523 514 Ploghe‚
546 464 573 502 J
576 464 752 502 ohannes
772 464 1050 515 Langebayne,
1074 464 1299 503 Willelmus
1326 465 1614 516 Jolystrothe,·—’

104 517 330 556 Willelmus
346 518 538 556 Browne3
558 523 599 556 et
614 518 839 556 XVillelmus
860 518 910 556 de
925 517 1163 556 Aukelande
1183 519 1332 569 injuste
1348 525 1420 559 etc.
1444 520 1613 560 disseisi-

103 572 272 610 verunt4
287 571 315 610 J
317 571 515 610 ohannem
535 572 584 610 de
605 571 833 623 Stanehope
849 577 889 610 et
909 571 1108 619 ceciliam,
1126 586 1293 611 uxorem
1308 573 1404 624 ejus,
1422 574 1471 613 de
1487 575 1612 614 libero

103 630 334 664 tenemento
363 639 433 664 suo
462 626 504 663 in
533 625 684 676 Magna
712 626 941 676 Herlesaye,
971 631 1063 676 post
1090 626 1261 676 primam
1289 632 1388 666 etc.:
1423 628 1476 666 Et.
1504 630 1610 668 unde

103 679 286 730 queritur
305 679 412 729 quod
433 679 758 718 disseisiaverunt
781 693 846 718 eos
875 680 924 718 de
950 679 1105 718 duabus
1133 680 1232 718 acris
1261 682 1365 732 prati
1406 711 1414 720 .
1457 713 1464 721 .
1510 714 1518 722 .
1558 683 1612 722 Et

104 732 237 771 nullus
266 746 404 771 eorum
424 734 546 780 venit,
575 739 636 772 set
665 733 826 784 quidam
846 733 1018 772 Thomas
1039 734 1087 772 de
1108 733 1268 773 Wartre
1296 736 1512 786 respondet
1540 750 1611 788 pro

105 786 173 836 eis,
203 792 396 837 tanquam
425 800 560 825 eorum
580 787 750 825 ballivus
779 787 829 825 ad
859 787 1022 825 assisam
1051 788 1169 826 istam
1199 789 1450 837 attachiatus,
1473 797 1513 829 et
1540 805 1611 842 pro

104 840 299 887 omnibus,
324 847 466 892 praeter
484 841 695 888 Abbate1n‚
713 841 810 879 dicit
830 841 936 891 quod
956 841 1032 892 ipsi
1051 841 1173 880 nichil
1192 842 1342 881 habent
1361 844 1402 881 in
1422 845 1613 895 praedicto

103 899 229 945 prato,
260 908 333 933 nec
362 895 536 945 aliquam
564 895 754 945 injuriam
782 901 853 933 aut
882 895 1129 934 disseisinam
1157 895 1348 944 fecerunt,
1381 903 1421 936 et
1454 898 1503 936 de
1538 899 1611 938 hoc

103 948 240 999 ponit⁵
273 962 314 986 se
347 962 465 998 super
497 949 668 987 assisam.
727 949 780 987 Et
813 962 883 999 pro
916 949 1075 987 Abbate
1109 949 1207 988 dicit
1237 951 1344 1001 quod
1378 952 1611 1002 praedictum

104 1006 266 1052 pratum
289 1003 368 1040 fuit
395 1003 436 1040 in
466 1003 610 1040 seisina
639 1002 846 1053 cujusdam
875 1003 1042 1041 Roberti
1065 1003 1115 1041 de
1135 1003 1327 1051 LasceleS,
1350 1006 1419 1056 qui
1439 1006 1488 1044 de
1517 1020 1613 1057 prae-

104 1056 213 1095 dicto
239 1062 354 1107 prato
384 1062 424 1095 et
452 1056 539 1094 aliis
566 1056 806 1095 tenementis
839 1057 1019 1095 feoffavit
1048 1058 1247 1107 quendam
1273 1058 1486 1107 Abbatem,
1518 1074 1613 1111 prae-

104 1110 350 1149 decessorem
378 1110 558 1160 praedicti
581 1110 764 1158 Abbatis,
793 1116 833 1149 et
855 1110 953 1149 dicit
982 1110 1088 1161 quod
1117 1117 1208 1162 post
1234 1118 1404 1151 mortem
1433 1115 1613 1164 praedicti

104 1164 273 1203 Roberti
293 1164 342 1202 de
364 1164 554 1212 Lasceles,
577 1164 758 1215 quaedam
786 1164 967 1211 Isabella,
992 1178 1095 1203 uxor
1114 1165 1294 1215 ejusdem
1317 1167 1495 1215 Roberffi,
1518 1168 1613 1206 tulit

104 1218 225 1257 breve
254 1218 303 1256 de
332 1217 426 1257 dote
454 1231 591 1256 versus
620 1218 855 1269 praedictum
882 1218 1093 1265 Abbatem,
1126 1224 1166 1257 et
1197 1221 1448 1270 recuperavit
1476 1235 1613 1260 versus

104 1284 196 1310 eum
212 1271 421 1323 praedictas
435 1272 534 1310 duas
555 1286 663 1310 acras
679 1272 796 1322 prati,
813 1272 1006 1310 tenendas
1026 1273 1186 1311 nomine
1202 1273 1323 1312 dotis:
1346 1288 1434 1325 quae
1451 1276 1613 1326 quidem

105 1325 276 1364 Isabella
304 1326 405 1364 obiit
424 1326 558 1364 seisita
577 1325 626 1364 de
653 1326 844 1376 praedicto
873 1331 988 1376 prato
1008 1330 1054 1364 ut
1073 1326 1123 1364 de
1143 1326 1236 1365 dote
1258 1341 1350 1366 sua:
1379 1334 1471 1379 post
1499 1329 1612 1380 cujus

104 1385 275 1418 mortem
295 1380 508 1430 praedictus
527 1379 675 1427 Abbas‚
697 1380 961 1430 praedecessor
980 1380 1095 1418 istius
1114 1380 1286 1419 Abbatis
1306 1382 1375 1432 qui
1404 1396 1509 1422 nunc
1539 1390 1609 1431 est,

104 1433 271 1472 intravit
290 1434 525 1484 praedictum
555 1438 723 1484 pratum,
745 1439 793 1471 ut
811 1433 911 1471 illud
941 1433 1051 1486 cujus
1071 1435 1244 1473 reversio
1264 1435 1315 1473 ad
1334 1436 1465 1486 ipsum
1494 1438 1612 1489 perti-

104 1487 237 1534 nebat,
259 1488 328 1538 qui
347 1487 440 1525 inde
462 1487 562 1526 obiit
582 1487 740 1526 seisitus
761 1492 807 1525 ut
826 1487 875 1526 de
898 1487 987 1538 jure
1016 1487 1200 1526 Ecclesiae
1226 1502 1305 1527 suae
1335 1490 1588 1540 Ryvallensis
1606 1509 1612 1531 :

104 1547 196 1592 post
215 1542 328 1591 cujus
348 1546 519 1580 mortem
540 1541 752 1592 praedictus
767 1541 904 1580 Abbas
925 1541 994 1592 qui
1014 1555 1120 1580 nunc
1141 1548 1201 1580 est
1221 1543 1376 1582 invenit
1395 1544 1613 1583 Ecclesiam

103 1609 216 1634 suam
249 1595 480 1646 praedictam
513 1595 562 1634 de
595 1595 786 1646 praedicto
821 1600 936 1646 prato
970 1595 1157 1642 seisitam,
1189 1597 1339 1647 absque
1373 1598 1505 1649 aliqua
1535 1600 1612 1638 alia

102 1649 252 1700 injuria
279 1649 470 1688 facienda.
539 1649 593 1687 Et
625 1649 806 1699 praedicti
839 1648 1045 1688 Johannes
1079 1655 1120 1688 et
1153 1649 1300 1689 Cecilia
1333 1651 1472 1691 dicunt
1505 1654 1613 1703 quod

103 1703 339 1753 praedictum
372 1708 531 1754 pratum
564 1702 717 1741 (ludum
747 1703 826 1741 fuit
859 1703 901 1741 in
934 1703 1079 1742 seisina
1113 1704 1322 1754 cujusdam
1356 1706 1528 1745 Gilbertvi
1562 1707 1612 1746 de

103 1757 268 1804 Latona,
302 1757 371 1807 qui
403 1757 497 1795 inde
531 1756 712 1795 feoffavit
741 1757 972 1807 praedictam
1000 1757 1200 1805 Ceciliam,
1233 1772 1401 1798 uxorem
1433 1761 1611 1811 praedicti

102 1811 310 1857 Johannis‚
343 1816 384 1849 et
411 1811 539 1862 ipsam
567 1811 609 1848 in
638 1811 782 1849 seisina
811 1811 966 1862 posuit:
1002 1816 1042 1850 et
1071 1811 1211 1850 dicunt
1239 1813 1347 1863 quod
1376 1814 1452 1864 ipsi
1486 1816 1610 1853 seisiti

103 1864 301 1918 [fuerunt]
323 1865 371 1903 de
392 1864 582 1915 praedicto
610 1870 737 1914 prato,
759 1871 806 1903 ut
827 1865 875 1903 de
895 1865 1020 1903 libero
1049 1869 1279 1904 tenemento
1299 1880 1382 1915 suo,
1404 1882 1611 1919 quousque

101 1919 282 1970 praedicti
301 1919 439 1957 Abbas
460 1924 500 1957 et
519 1918 586 1956 alii
605 1918 711 1969 ipsos
730 1919 824 1957 inde
844 1918 992 1969 injuste
1022 1950 1029 1957 .
1062 1950 1070 1957 .
1103 1950 1111 1957 .
1143 1919 1456 1970 disseisiverunt,
1479 1929 1519 1961 et
1538 1923 1612 1962 hoc

102 1978 246 2023 petunt
265 1972 372 2023 quod
394 1971 654 2025 [inquiratur]
685 1986 755 2024 per
778 1972 950 2011 assisam.
1011 1972 1064 2010 Et
1088 1972 1225 2012 Abbas
1253 1979 1293 2012 et
1319 1974 1385 2013 alii
1414 1977 1608 2016 similiter.

102 2027 237 2065 Jurati
266 2027 406 2065 dicunt
434 2040 552 2077 super
579 2032 870 2065 sacramentum
899 2039 1015 2064 suum
1043 2027 1150 2076 quod
1183 2028 1418 2078 praedictum
1452 2036 1611 2081 pratum

102 2080 257 2119 dudum
289 2081 369 2119 fuit
399 2080 440 2118 in
475 2080 619 2118 seisina
652 2079 894 2133 cujus[dam]
929 2079 1103 2118 Gilberti
1137 2080 1185 2119 de
1215 2081 1380 2131 Latona,
1416 2085 1483 2134 qui
1517 2085 1611 2124 inde

101 2134 281 2173 feoffavit
309 2134 529 2184 predictam
549 2134 748 2182 Ceciliam‚
771 2147 937 2172 uxorem
966 2134 1147 2184 praedicti
1175 2135 1202 2173 J
1206 2135 1373 2175 ohannis
1399 2137 1448 2176 de
1476 2138 1612 2177 Stane-

102 2188 216 2240 hope,
240 2193 280 2226 et
299 2188 425 2238 ipsam
445 2189 486 2226 in
507 2188 651 2226 seisina
670 2188 804 2237 posuit
835 2219 842 2226 .
872 2219 879 2226 .
915 2219 922 2226 .
955 2192 994 2226 et
1013 2188 1173 2238 pacifice
1193 2191 1385 2229 remansit
1405 2205 1611 2243 quousque

103 2242 284 2293 praedicti
307 2242 444 2280 Abbas
465 2247 504 2280 et
531 2241 597 2279 alii
620 2241 726 2291 ipsos
746 2242 786 2279 vi
806 2246 847 2280 et
865 2241 985 2280 armis
1013 2241 1107 2280 inde
1135 2242 1285 2293 injuste
1315 2249 1386 2283 etc.
1418 2245 1612 2285 disseisia-

102 2301 259 2335 verunt.
318 2295 415 2333 Ideo
436 2295 728 2334 consideratum
749 2301 809 2333 est
836 2295 942 2345 quod
971 2295 1151 2345 praedicti
1179 2297 1206 2335 J
1210 2297 1385 2337 ohannes
1405 2304 1446 2338 et
1465 2299 1612 2340 Cecilia

102 2354 337 2400 recuperent
364 2348 458 2387 inde
487 2349 672 2387 seisinam
693 2362 805 2387 suam
833 2362 904 2399 per
923 2349 1052 2386 visum
1074 2351 1353 2401 recognitionis
1374 2359 1414 2391 et
1439 2353 1612 2405 dampna

103 2417 184 2451 sua,
208 2417 296 2454 quae
324 2408 516 2440 taxantur
549 2416 620 2453 per
652 2403 916 2453 Receptorem
946 2402 995 2441 ad
1025 2403 1314 2456 quinquaginta
1342 2407 1498 2446 solidos.
1559 2409 1610 2447 Et

102 2458 240 2497 Abbas
260 2462 301 2496 et
320 2456 386 2495 alii
407 2457 613 2507 capiantur
633 2462 705 2495 etc.
764 2457 947 2507 Dampna
967 2456 980 2494 l
1002 2470 1030 2494 S.
1053 2457 1159 2497 unde
1179 2459 1281 2498 med.
1304 2474 1334 2499 c.

294 2562 356 2599 95.
388 2559 553 2613 [Patent
572 2560 695 2607 Rolls,
721 2562 737 2598 1
760 2560 871 2599 Edw.
895 2571 955 2599 ΙΙΙ.
980 2560 1131 2613 [1327],
1155 2569 1209 2613 pt.
1236 2566 1268 2611 2,
1292 2578 1342 2602 m.
1367 2564 1422 2618 8.]

154 2623 234 2662 Pro
254 2622 462 2661 Monachis
481 2621 664 2660 Ecclesiae
684 2622 728 2661 Β.
751 2622 889 2714 Μεῗῐεθ
910 2622 959 2660 de
979 2622 1170 2673 Ryevalle
1190 2625 1239 2663 de
1260 2627 1558 2666 confirmatione

743 2689 807 2714 car
829 2689 951 2714 arum.

155 2747 245 2786 Rex
273 2746 455 2785 omnibus
479 2745 529 2784 ad
560 2759 658 2796 quos
688 2751 758 2784 etc.
792 2746 971 2784 salutem.
1030 2746 1284 2799 Inspeximus
1313 2755 1462 2789 cartam
1492 2765 1609 2802 quam

101 2802 280 2853 Rogerus
309 2800 358 2838 de
379 2799 552 2838 Molbrai
570 2799 665 2837 fecit
684 2799 770 2838 Deo
800 2806 840 2838 et
860 2800 1043 2839 Ecclesiae
1064 2801 1107 2840 B.
1129 2801 1269 2842 Mariae
1289 2804 1338 2842 de
1359 2805 1550 2855 Ryevalle
1571 2813 1609 2845 et

274 2870 286 2890 1
309 2869 468 2902 Abbatioe
484 2870 521 2901 in
537 2870 597 2901 the
614 2869 714 2901 other
731 2881 830 2912 copy.
1069 2871 1082 2890 ⁴
1105 2872 1395 2906 Dis.s·ez'sz'az·e7·i7zt.

274 2913 288 2933 ²
310 2914 525 2954 Jolyscrotte.
1070 2914 1082 2933 ⁵
1108 2916 1254 2949 Portum.

274 2957 287 2977 ²
311 2957 458 2989 Bromze.
