2033 3242
367 237 384 273 1
396 235 447 273 92
799 242 1114 274 CARTULARIUM
1134 241 1440 272 RIEVALLENSE.

364 347 447 389 tati
475 347 795 402 privilegiorum
835 348 1039 388 Romanae
1078 345 1281 387 Ecclesiae
1320 346 1517 388 insistere
1557 349 1600 388 et
1640 345 1876 400 Religiosos

364 406 479 447 viros
499 420 683 460 gravare,
703 419 821 459 quos,
841 419 917 459 pro
938 405 1006 445 tui
1026 403 1154 445 officii
1178 403 1334 454 debito,
1354 403 1594 459 benigniori
1623 403 1847 445 confovere
1860 405 1874 430 1

365 464 524 505 teneris
564 464 732 513 affectu,
763 468 806 504 et
846 467 994 504 contra
1033 461 1364 515 malignantium
1393 463 1589 503 incursus
1621 461 1757 516 clipeo
1788 466 1875 502 tuae

365 522 640 576 protectionis
670 521 907 569 defendere,
927 534 1003 574 per
1022 519 1176 560 iterata
1205 520 1287 560 tibi
1316 521 1562 574 praescripta
1591 519 1877 574 praecipiendo

366 580 630 628 mandamus,
647 583 689 620 et
705 578 947 619 mandando
963 577 1246 631 praecipimus,
1262 578 1465 631 quatinus
1486 578 1710 632 praedictos
1731 577 1876 618 Abba-

366 642 453 679 tem
467 641 509 678 et
523 638 675 677 fratres
689 650 816 690 super
829 636 1004 677 decimis
1017 635 1211 676 laborum
1225 634 1266 691 [1
1275 634 1368 691 63¹³]
1381 649 1566 685 suorum,
1576 650 1680 690 quos
1693 635 1878 689 propriis

365 695 564 736 manibus
592 699 668 735 aut
703 694 945 748 sumptibus
976 693 1189 742 excolunt,
1210 697 1286 733 aut
1316 694 1367 734 de
1398 708 1571 735 suorum
1601 692 1878 734 nutrimentis

366 752 631 801 animalium,
652 752 898 792 nullatenus
919 751 972 792 de
999 756 1150 792 caetero
1176 765 1337 805 graves,
1354 752 1424 793 vel
1454 752 1506 792 ab
1537 751 1693 806 aliquo,
1724 751 1878 792 clerico

366 815 442 852 aut
472 811 592 859 laicO,
627 815 713 851 tuae
739 809 1051 864 jurisdictionis
1091 809 1257 862 gravari
1297 810 1531 863 permittas,
1572 814 1614 851 et
1654 809 1706 851 de
1746 809 1875 850 male-

365 869 597 909 factoribus
638 868 740 918 suis,
778 867 1070 921 parrochianis
1110 867 1210 916 tuis,
1246 880 1345 908 cum
1380 881 1526 908 eorum
1566 867 1877 921 querimoniam

365 926 582 980 receperis,
597 926 660 966 ita
676 926 736 966 eis
757 926 930 979 plenam
951 932 993 966 et
1010 924 1290 966 sufficientem
1305 925 1520 979 justitiam
1537 925 1751 975 exhibeas,
1764 924 1878 978 quod

366 998 454 1025 non
475 988 691 1038 cogantur,
712 997 788 1037 pro
810 983 981 1024 defectu
1004 983 1199 1037 justitiae,
1220 983 1379 1024 totiens
1400 983 1453 1024 ad
1474 983 1732 1037 Apostolicae
1755 983 1877 1024 Sedis

367 1042 620 1096 suffragium
640 1055 867 1091 recurrere,
888 1045 932 1082 et
952 1055 1074 1082 suam
1095 1045 1243 1082 contra
1263 1045 1306 1081 te
1328 1041 1639 1095 querimoniam
1660 1040 1876 1095 replicare.

368 1100 415 1142 Si
455 1101 580 1150 enim,
616 1099 729 1152 quod
769 1113 857 1140 non
889 1099 1114 1148 credimus,
1146 1104 1407 1152 praeceptum
1443 1104 1638 1140 nostrum
1673 1099 1753 1139 hac
1784 1099 1878 1139 vice

368 1158 508 1200 surdis
539 1158 713 1198 auribus
737 1157 1042 1212 pertransieris,
1072 1157 1274 1211 dignitati
1299 1161 1386 1198 tuae
1417 1162 1460 1198 et
1489 1157 1615 1198 famae
1645 1156 1879 1210 plurimum

368 1216 600 1269 derogabis,
621 1220 664 1256 et
684 1229 761 1256 nos
783 1229 952 1269 quoque
974 1215 1112 1256 eidem
1135 1214 1295 1256 Abbati
1316 1218 1358 1256 et
1388 1215 1590 1256 fratribus
1617 1215 1663 1255 in
1685 1228 1761 1255 suo
1785 1215 1880 1268 jure

368 1274 615 1314 nullatenus
636 1273 781 1314 deesse
802 1274 1048 1327 poterimus,
1065 1273 1221 1327 quibus
1238 1273 1435 1327 cupimus
1452 1278 1633 1327 optentu
1648 1273 1882 1326 Religionis

369 1338 412 1373 et
453 1331 704 1380 devotionis,
744 1345 828 1385 quo
877 1331 1168 1385 praeeminent,
1207 1331 1433 1385 pastoralis
1484 1330 1788 1372 sollicitudinis
1839 1334 1882 1372 et

370 1390 630 1431 defensionis
652 1389 973 1444 op[p]ortunum
994 1389 1235 1430 subsidium
1256 1389 1511 1430 ministrare.

147 1525 353 1558 Popefflexan-
430 1505 665 1547 CCLVIII.
689 1515 850 1546 CCXXII.
874 1504 1118 1546 Alexander
1137 1538 1145 1546 .
1163 1537 1172 1546 .
1195 1538 1203 1546 .
1220 1504 1470 1546 Venerabili
1491 1504 1615 1546 fratri
1635 1503 1881 1561 H[ug0ni],2

147 1561 200 1620 ξζξ
210 1559 336 1624 ξξίξζξζὸ
370 1564 593 1617 Episcop0‚
616 1567 658 1604 et
679 1563 835 1604 dilecto
856 1563 956 1611 filio,
978 1563 1117 1604 Priori
1137 1563 1338 1604 Dunelm.
1363 1597 1370 1605 .
1402 1595 1410 1604 .
1434 1596 1443 1605 .
1466 1563 1763 1618 Significatum
1778 1561 1795 1586 3
1816 1568 1881 1603 est

147 1624 347 1687 {ffilssfffflf
371 1622 494 1662 nobis
527 1621 641 1675 quod
672 1635 770 1662 cum
800 1621 921 1661 bonae
956 1620 1171 1661 memoriae
1201 1621 1455 1675 A[ilredus]‚
1489 1621 1705 1675 quondam
1735 1621 1880 1662 Abbas

148 1694 338 1755 ξζξοὲἑῗῖθέη
372 1679 591 1728 Rievallis‚
612 1679 747 1728 vobis,
766 1692 842 1733 pro
874 1679 985 1719 bono
1015 1678 1144 1732 pacis,
1167 1678 1219 1719 de
1254 1679 1430 1720 decimis
1462 1680 1514 1720 de
1547 1679 1715 1720 Cotuna
1745 1692 1878 1732 quan-

149 1738 470 1788 oftheammffldam
511 1751 724 1778 summam
773 1737 1066 1777 constituisset
1104 1737 1328 1777 annuatim
1368 1737 1627 1785 solvendam,
1676 1750 1792 1777 nunc
1832 1736 1885 1776 ab

149 1795 333 1860 {2333ssssss
372 1795 543 1836 Abbate
579 1799 621 1836 et
654 1794 857 1835 fratribus
907 1794 1097 1848 ejusdem
1127 1793 1210 1834 loci
1252 1794 1366 1835 ultra
1395 1808 1523 1848 quam
1558 1795 1695 1835 fuerat
1727 1794 1882 1835 consti-

149 1863 339 1923 ‘ljgggffiffa-in
372 1858 515 1895 tutum
539 1852 720 1907 exigitis,
742 1856 785 1893 et
815 1866 942 1906 super
968 1852 1048 1893 hoc
1068 1852 1183 1906 ipsos
1205 1852 1319 1893 varie
1349 1852 1529 1906 fatigare
1559 1865 1646 1893 non
1666 1852 1884 1893 dubitatis.

151 1932 213 1957 tion
226 1931 319 1956 osthe
375 1912 587 1953 Caeterum
629 1911 665 1951 si
704 1910 981 1951 attenderetis
1023 1909 1235 1964 quomodo
1281 1910 1483 1951 fratribus
1530 1910 1885 1951 Cisterciensibus

149 1964 286 2026 ξζξξξῃοΐ
373 1969 579 2010 beneficio
602 1969 724 2023 [164]
755 1968 1076 2022 privilegiorum
1107 1968 1311 2009 Romanae
1332 1968 1535 2009 Ecclesiae
1566 1968 1622 2009 sit
1651 1967 1884 2016 indultum,

374 2031 424 2068 ut
445 2027 496 2067 de
516 2027 744 2076 laboribus,
767 2040 872 2081 quos
892 2026 1073 2080 propriis
1093 2026 1290 2066 manibus
1312 2031 1386 2066 aut
1407 2026 1651 2080 sumptibus
1673 2025 1886 2073 excolunt,

375 2085 465 2126 sive
497 2084 548 2126 de
579 2098 751 2125 suorum
781 2084 1055 2125 nutrimentis
1086 2084 1349 2133 animalium,
1379 2084 1490 2125 nulli
1519 2088 1747 2124 teneantur
1777 2083 1888 2124 deci-

376 2156 466 2183 mas
499 2142 671 2192 solvere,
693 2156 779 2183 non
810 2142 950 2183 solum
971 2142 1094 2196 [non]
1126 2141 1240 2182 ultra
1271 2141 1496 2196 exigeretis
1527 2155 1657 2196 quam
1678 2155 1755 2196 pro
1777 2142 1887 2182 bono

375 2201 493 2254 pacis
529 2201 613 2241 suit
653 2204 876 2249 statutum,
916 2214 1065 2241 verum
1107 2199 1237 2240 etiam
1278 2200 1331 2240 ad
1372 2200 1516 2254 ipsum
1553 2213 1651 2241 cum
1687 2199 1823 2252 gratia
1845 2204 1888 2240 et

376 2258 641 2312 benignitate
662 2258 914 2312 reciperetis.
978 2257 1088 2307 Quia
1110 2271 1209 2298 vero
1240 2271 1326 2298 non
1348 2258 1469 2299 decet
1489 2271 1563 2298 vos
1585 2257 1888 2311 praedictorum

378 2316 558 2356 fratrum
579 2316 750 2356 turbare
772 2316 908 2356 otium
921 2315 990 2356 vel
1007 2315 1207 2370 quietem,
1227 2329 1304 2370 per
1323 2315 1572 2370 Apostolica
1594 2316 1752 2369 scripta
1767 2315 1888 2356 vobis

378 2373 662 2427 praecipiendo
683 2373 948 2423 mandamus,
969 2378 1012 2414 et
1042 2373 1283 2414 mandando
1305 2374 1588 2428 praecipimus,
1610 2373 1815 2427 quatinus
1837 2373 1889 2413 de

379 2431 636 2485 praescriptis
676 2431 852 2472 decimis
902 2431 955 2472 ab
997 2432 1146 2472 eodem
1195 2431 1364 2472 Abbate
1405 2436 1449 2473 et
1499 2431 1704 2472 fratribus
1755 2430 1890 2472 nichil

379 2522 504 2554 render
519 2522 580 2553 the
591 2521 668 2553 first
680 2522 805 2560 clause,
830 2524 853 2538 ‘⁶
863 2522 1044 2553 inasmuch
1060 2532 1098 2553 as
1218 2520 1230 2541 1
1254 2521 1443 2563 Consoveri.

379 2576 450 2608 you
480 2565 569 2596 have
598 2565 738 2596 refused
769 2568 806 2597 to
836 2565 1007 2596 maintain
1037 2565 1098 2596 the

380 2609 564 2649 authority
579 2608 615 2639 of
638 2608 698 2639 the
715 2609 902 2650 privileges
925 2608 1099 2640 conceded

381 2652 428 2693 by
445 2652 505 2683 the
521 2651 657 2682 Roman
673 2651 773 2690 See,’'
789 2652 874 2683 then
890 2662 983 2682 some
998 2651 1099 2683 other

382 2695 477 2734 verb,
504 2695 589 2726 such
612 2706 650 2726 as
672 2705 777 2726 ausus
799 2705 832 2726 es
854 2705 892 2725 or
913 2705 1098 2735 praesump-

381 2740 463 2777 sisti,
505 2741 600 2769 must
636 2737 679 2769 be
722 2737 937 2769 understood
981 2737 1099 2769 before

381 2791 538 2823 gravare.
588 2781 624 2812 It
647 2781 676 2812 is
698 2780 827 2822 clearly
847 2781 1046 2822 impossible
1063 2784 1100 2812 to

381 2824 503 2857 attach
519 2824 603 2855 such
620 2835 640 2855 a
656 2834 753 2855 sense
769 2827 806 2855 to
828 2828 992 2864 maz-atus
1014 2834 1046 2855 es
1062 2834 1100 2854 as

382 2869 455 2900 will
484 2867 528 2898 be
557 2867 782 2908 satisfactory
805 2867 893 2898 with
923 2866 1009 2898 both
1041 2867 1101 2898 the

383 2911 485 2943 verbs
500 2912 648 2943 insistere
663 2910 732 2942 and
747 2921 903 2951 yravccre.
1221 2908 1235 2928 ³
1257 2908 1467 2950 Sigsmficczta.

1218 2581 1232 2600 2
1254 2582 1327 2613 The
1350 2592 1452 2613 name
1475 2581 1538 2613 has
1560 2581 1648 2613 been
1670 2580 1814 2612 written
1838 2580 1885 2618 in,

1175 2624 1245 2656 and
1270 2624 1477 2656 afterwards
1507 2624 1638 2656 erased.
1695 2624 1799 2655 From
1829 2623 1890 2655 the

1175 2667 1364 2700 continued
1402 2667 1726 2709 contemporaneity
1756 2666 1792 2698 of
1832 2667 1892 2698 the

1176 2712 1251 2743 rule
1289 2722 1371 2742 over
1396 2711 1488 2742 their
1518 2711 1710 2752 respective
1740 2720 1814 2740 sees
1843 2709 1891 2750 by

1177 2755 1274 2786 these
1291 2757 1361 2786 two
1383 2755 1546 2795 prelates,
1573 2754 1671 2785 there
1694 2763 1758 2784 can
1781 2752 1823 2784 be
1847 2763 1892 2783 no

1177 2797 1288 2829 doubt
1304 2797 1411 2828 about
1428 2797 1488 2829 the
1510 2807 1610 2829 name
1634 2796 1713 2828 that
1729 2795 1891 2837 required

1178 2844 1215 2873 to
1230 2840 1272 2872 be
1288 2840 1460 2882 supplied.
