2033 3242
141 2413 229 2445 Papal
242 2420 307 2439 con-

139 2447 284 2472 firmation
298 2446 330 2472 of

139 2481 190 2506 the
202 2487 332 2512 arrange-

139 2514 236 2539 ments
249 2515 331 2540 made

138 2554 171 2572 as
184 2548 215 2573 to
228 2547 277 2573 the

139 2582 279 2612 payment
291 2581 321 2606 to

139 2615 281 2640 Rievaulx
294 2615 326 2640 os

140 2648 191 2673 the
203 2648 295 2673 tithes

138 2682 274 2713 accruing
287 2683 315 2706 in

139 2715 260 2746 Crosby,

139 2749 285 2780 Stafflton,

139 2781 335 2814 Oswaldengs,

140 2815 273 2840 Kilverd—

139 2849 262 2880 mersch‚
276 2849 333 2874 aud

140 2881 265 2907 Theoke-

139 2916 261 2942 mersch.

355 258 373 294 1
383 257 405 294 8
413 257 436 294 8
787 262 898 294 CART
904 261 1099 293 ULARIUM
1121 261 1430 292 RIEVALLENSE.

354 369 575 418 Praeterea,
597 368 751 409 dilecte
772 367 818 408 in
839 366 1025 408 Domino
1046 366 1120 416 fili,
1141 364 1356 421 A[ilrede]
1377 366 1536 416 Abbas,
1552 365 1802 421 religionem
1823 365 1870 406 in

354 426 629 468 Monasteriis
661 425 816 480 quibus
848 438 1027 479 praeesse
1059 423 1291 465 dinosceris
1312 422 1455 480 [159b]
1476 424 1713 465 stabilitam
1743 423 1869 477 profi—

354 498 447 526 cere
467 485 513 524 in
529 484 716 525 Domino
738 482 970 537 cupientes,
992 481 1222 522 statuimus
1243 485 1293 522 ut
1312 482 1358 522 in
1379 482 1578 523 omnibus
1594 481 1870 522 Monasteriis

355 556 450 597 quae
471 542 523 582 de
545 541 806 582 Monasterio
828 540 898 580 cui
924 539 1125 593 praesides
1152 542 1255 580 sunt
1274 553 1452 594 egressa,
1472 544 1515 581 et
1535 539 1583 580 in
1602 539 1669 580 his
1690 552 1787 593 quae
1817 538 1870 579 de

356 599 532 655 egressis
554 599 606 639 ab
628 598 775 639 eodem
803 597 1066 638 Monasterio
1087 596 1349 651 prodierunt,
1369 602 1460 638 tam
1479 597 1533 639 de
1553 597 1657 651 ipsis
1678 596 1870 651 personis

355 671 485 711 quam
516 657 568 697 de
599 656 725 697 rebus
757 655 1129 706 Monasteriorum,
1145 655 1272 708 juxta
1305 655 1654 697 Cisterciensium
1689 655 1872 695 fratrum

354 715 684 764 institutionem,
715 712 969 767 disponendi
1004 716 1047 754 et
1074 711 1300 753 ordinandi
1333 712 1511 754 liberam
1545 712 1702 754 habeas
1738 711 1873 753 facul-

355 777 498 814 tatem.
575 771 781 812 Praesenti
822 784 991 825 quoque
1033 770 1202 811 decreto
1242 770 1457 812 sancimus
1495 774 1547 812 ut
1585 770 1788 825 Episcopi
1824 770 1872 810 in

355 843 536 884 quorum
568 829 881 883 episcopatibus
911 828 1174 869 Monasteria
1193 832 1337 869 vestra
1367 828 1618 878 consistunt,
1638 842 1716 870 nec
1747 841 1870 882 regu-

355 888 487 928 larem
520 891 562 929 et
593 887 841 928 canonicam
873 886 1124 927 electionem
1145 886 1330 927 Abbatis
1351 886 1484 927 vestri
1513 899 1719 940 umquam
1740 886 1871 940 impe-

356 946 487 995 diant,
520 959 599 986 nec
632 945 684 986 de
719 944 974 985 removendo
1011 958 1059 985 ac
1094 944 1344 998 deponendo
1380 957 1429 985 eo
1464 944 1541 998 qui
1575 958 1651 998 pro
1681 947 1872 997 tempore

355 1003 495 1052 fuerit,
528 1006 675 1044 contra
705 1007 868 1043 statuta
900 1002 1248 1043 Cisterciensium
1284 1001 1471 1051 Ordinis,
1503 1005 1546 1043 et
1575 1002 1873 1042 auctoritatem

354 1061 674 1115 privilegiorum
704 1074 891 1110 suorum,
912 1074 956 1101 se
986 1060 1204 1101 ullatenus
1224 1059 1529 1101 intromittant.
1589 1059 1871 1100 Decernimus

355 1133 453 1173 ergo
483 1124 534 1160 ut
563 1119 674 1159 nulli
705 1118 879 1159 omnino
907 1118 1131 1159 hominum
1155 1118 1283 1159 liceat
1312 1117 1539 1172 praefatum
1561 1117 1873 1158 Monasterium

356 1182 514 1218 temere
547 1177 806 1230 perturbare,
843 1181 918 1217 aut
951 1176 1042 1229 ejus
1079 1175 1365 1229 possessiones
1401 1176 1577 1224 auferre,
1606 1174 1678 1216 vel
1709 1174 1872 1215 ablatas

356 1235 549 1284 retinere,
580 1235 783 1283 minuere,
814 1248 890 1275 seu
920 1234 1185 1288 quibuslibet
1214 1233 1513 1275 vexationibus
1544 1233 1763 1287 frangere:
1800 1232 1874 1273 sed

357 1293 500 1333 omnia
519 1293 685 1347 integra
707 1297 1011 1333 conserventur
1031 1305 1176 1332 eorum
1197 1305 1272 1345 pro
1295 1305 1477 1345 quorum
1496 1291 1801 1345 gubernatione
1826 1304 1875 1331 ac

357 1350 668 1391 sustentatione
688 1363 887 1391 concessa
907 1354 1009 1391 sunt
1025 1350 1172 1390 usibus
1194 1349 1450 1390 omnimodis
1463 1348 1875 1402 profutura—Salva

357 1408 403 1448 in
435 1408 633 1449 omnibus
653 1408 913 1462 Apostolicae
936 1407 1056 1449 Sedis
1088 1408 1340 1449 auctoritate
1365 1411 1409 1448 et
1438 1406 1653 1448 diocesani
1673 1406 1876 1460 Episcopi

358 1465 561 1506 canonica
581 1466 763 1519 justitia.
827 1466 872 1507 Si
893 1479 978 1519 qua
998 1465 1130 1519 igitur
1149 1465 1195 1505 in
1217 1465 1413 1506 futurum
1443 1464 1729 1506 ecclesiastica
1749 1477 1876 1505 saecu-

357 1523 513 1564 larisve
553 1537 742 1578 persona,
783 1523 894 1564 hanc
934 1528 1087 1564 nostrae
1127 1522 1448 1564 constitutionis
1487 1523 1689 1577 paginam
1725 1522 1874 1571 sciens,

358 1586 506 1622 contra
537 1595 630 1622 eam
661 1586 821 1622 temere
842 1581 986 1622 venire
1016 1581 1302 1634 temptaverit,
1331 1580 1529 1630 secundo,
1549 1580 1730 1621 tertiove
1761 1593 1874 1621 com-

360 1639 535 1690 monita,
567 1639 651 1679 nisi
681 1639 1057 1693 praesumptionem
1089 1652 1211 1679 suam
1246 1652 1431 1693 congrua
1466 1638 1755 1679 satisfactione
1790 1651 1876 1678 cor-

361 1697 531 1746 rexerit,
551 1697 777 1750 potestatis
808 1697 1065 1750 honorisque
1098 1696 1165 1737 sui
1189 1696 1398 1750 dignitate
1428 1701 1580 1745 careat,
1599 1708 1800 1749 reamque
1831 1708 1876 1736 se

362 1754 509 1795 divino
539 1755 702 1808 judicio
733 1755 915 1796 existere
937 1755 988 1795 de
1009 1758 1251 1808 perpetrata
1272 1753 1502 1808 iniquitate
1523 1759 1760 1807 cognoscat,
1781 1758 1824 1794 et
1852 1766 1877 1793 a

363 1812 640 1853 Sanctissimo
663 1813 847 1866 Corpore
878 1817 920 1853 et
954 1813 1168 1866 Sanguine
1188 1811 1273 1853 Dei
1304 1816 1347 1852 et
1367 1812 1546 1852 Domini
1577 1811 1875 1864 Redemptoris

362 1870 508 1920 nostri,
541 1871 680 1912 Jhesu
717 1870 890 1920 Christi,
926 1869 1066 1911 aliena
1101 1870 1176 1910 fiat
1210 1873 1340 1923 atque
1370 1870 1417 1910 in
1449 1868 1768 1925 ex[160]tremo
1804 1882 1875 1909 ex-

361 1929 502 1969 amine
524 1928 681 1969 divinae
701 1928 858 1969 ultioni
878 1929 1102 1981 subjaceat.
1165 1927 1343 1969 Cunctis
1364 1931 1509 1968 autem
1531 1927 1668 1968 eidem
1688 1926 1779 1967 loco
1800 1940 1877 1967 sua

357 1987 455 2039 jura
477 1987 746 2027 servantibus
769 1986 824 2026 sit
845 2000 930 2040 pax
952 1985 1129 2026 Domini
1148 1985 1293 2035 nostri,
1315 1985 1344 2026 J
1348 1984 1453 2026 hesu
1475 1984 1650 2033 Christi,
1672 1984 1876 2038 quatinus

360 2048 411 2084 ut
441 2044 511 2085 hic
542 2044 730 2084 fructum
760 2044 881 2084 bonae
912 2043 1091 2084 actionis
1123 2043 1371 2097 percipiant,
1402 2047 1456 2092 et,
1487 2042 1602 2097 apud
1632 2042 1877 2083 districtum

361 2101 562 2142 Judicem
578 2102 752 2155 praemia
768 2106 936 2143 aeternae
951 2101 1067 2155 pacis
1083 2100 1316 2142 inveniant.
1353 2100 1506 2141 Amen.
1539 2101 1691 2141 Amen.
1723 2100 1875 2141 Amen.

362 2159 525 2199 Datum
546 2160 756 2213 Anagniae
786 2173 861 2213 per
891 2173 1067 2200 manum
1098 2158 1350 2207 Hermanni,
1381 2158 1422 2200 S.
1451 2158 1654 2199 Romanae
1676 2157 1877 2198 Ecclesiae

364 2216 623 2258 Subdiaconi
653 2222 696 2258 et
717 2217 897 2266 Notarii‚
919 2218 989 2258 xii.
1013 2216 1095 2257 kal.
1118 2216 1381 2265 Decembris,
1404 2216 1538 2257 Indic.
1560 2216 1618 2267 ix,
1640 2216 1876 2257 Incarnati-

363 2275 456 2315 onis
487 2275 725 2316 Dominicae
755 2276 820 2315 Μ0
834 2275 962 2324 001x0,
995 2274 1275 2316 Pontificatus
1306 2287 1404 2315 vero
1432 2273 1611 2315 Domini
1641 2273 1877 2314 Alexandri

363 2332 490 2386 Papae
510 2333 568 2374 iii.
591 2333 651 2373 ΑΟ
672 2333 866 2374 secundo.

422 2447 563 2489 CCLI.
605 2458 726 2489 CCXV.
774 2448 957 2490 Dilectis
1006 2447 1105 2488 filiis
1148 2447 1335 2496 Silvano,
1375 2446 1547 2495 Abbati,
1587 2451 1632 2487 et
1671 2446 1877 2487 fratribus

364 2505 707 2546 Rievallensibus
738 2539 745 2546 .
778 2539 785 2547 .
820 2539 827 2547 .
860 2507 890 2547 J
893 2506 1000 2546 ustis
1022 2506 1262 2559 petentium
1285 2504 1506 2545 desideriis
1527 2504 1706 2558 dignum
1722 2507 1786 2545 est
1800 2517 1876 2544 nos

363 2563 532 2604 facilem
554 2564 740 2617 praebere
771 2577 1037 2612 consensum,
1058 2568 1101 2604 et
1123 2563 1208 2617 [ut]
1232 2567 1333 2603 vota
1354 2576 1449 2616 quae
1470 2576 1494 2603 a
1510 2562 1688 2603 rationis
1705 2561 1876 2602 tramite

363 2634 450 2661 non
472 2621 716 2662 discordant
732 2621 885 2662 effectu
902 2622 989 2662 sint
1004 2624 1287 2674 prosequente
1304 2620 1567 2673 complenda.
1628 2620 1876 2672 Eapropter‚

363 2678 509 2720 dilecti
529 2679 575 2719 in
606 2679 793 2719 Domino
814 2679 905 2728 filii,
926 2678 1078 2720 vestris
1106 2678 1236 2732 justis
1257 2677 1617 2731 postulationibus
1638 2680 1756 2731 grato
1778 2689 1875 2717 con-

363 2741 579 2778 currentes
601 2750 788 2785 assensu,
805 2737 1156 2789 compositionem
1178 2736 1290 2776 inter
1305 2749 1380 2776 vos
1401 2741 1445 2776 et
1464 2734 1700 2776 Ecclesiam
1719 2733 1772 2775 de
1794 2734 1875 2775 Lec

363 2808 490 2848 super
528 2795 712 2835 decimas
753 2794 805 2834 de
848 2794 1054 2843 Crossebi‚
1090 2798 1133 2834 et
1174 2793 1525 2846 compositionem
1565 2792 1678 2833 inter
1716 2805 1792 2832 vos
1834 2796 1876 2832 et

363 2852 597 2893 Ecclesiam
618 2852 670 2893 de
693 2852 896 2893 Scaltuna
918 2865 1044 2904 supra
1066 2850 1251 2892 decimas
1274 2850 1326 2891 de
1349 2850 1551 2891 Staintun
1573 2854 1616 2891 et
1638 2848 1874 2891 Oswaldes-

363 2909 533 2964 benges,
563 2910 915 2964 compositionem
956 2910 1067 2950 inter
1097 2922 1173 2950 vos
1204 2913 1247 2950 et
1287 2907 1523 2949 Ecclesiam
1553 2907 1605 2949 de
1647 2907 1876 2961 Pikeringe
