2033 3242
375 330 398 367 3
407 328 457 369 78
809 338 919 368 OART
927 337 1123 368 ULARIUM
1144 337 1450 368 RIEVALLENSE.

374 443 436 482 33.
481 442 668 481 COLXV1.1
699 441 960 482 Confirmatio
997 440 1220 479 Alexandri
1259 440 1380 492 Papae
1420 441 1470 480 de
1507 441 1676 492 piscaria
1718 446 1759 481 et
1801 441 1889 481 aliis

670 495 986 548 possessionibus
1006 494 1178 534 Rievalli
1198 499 1392 546 perpetuo
1413 495 1577 536 collatis.

425 565 660 606 Alexander
687 597 696 605 .
727 595 736 605 .
767 595 776 605 .
808 565 984 612 Silvano,
1002 564 1164 612 Abbati,
1184 569 1224 603 et
1242 564 1434 604 fratribus
1454 565 1772 605 Rievallensibus
1801 596 1810 606 .
1842 596 1851 604 .
1876 596 1886 606 .

369 625 485 671 grato
498 623 778 659 concurrentes
792 632 967 667 assensu,
981 619 1191 670 piscariam
1205 623 1245 658 et
1257 619 1353 657 alias
1368 620 1634 670 possessiones
1649 634 1670 659 a
1682 619 1889 659 Bernardo

371 674 421 713 de
436 674 596 713 Bailloil
615 673 862 713 Monasterio
878 677 1011 712 vestro
1026 673 1093 724 pia
1108 673 1320 724 largitione
1334 687 1549 722 concessas,
1567 679 1607 713 et
1622 674 1888 726 possessiones

369 728 458 767 illas
485 742 583 779 quas
605 727 834 766 Acharius2
863 726 913 766 de
943 727 1115 766 Tunstal
1149 731 1190 765 et
1223 726 1422 766 Henricus
1456 727 1506 767 de
1536 727 1810 781 Willard[ebi]
1848 732 1889 766 613

371 782 559 831 Alardus,
595 782 700 820 filius
734 781 833 833 ejus,
869 781 1100 832 praescripto
1138 781 1389 820 Monasterio
1417 812 1427 822 .
1458 812 1467 821 .
1499 813 1507 821 .
1539 781 1749 831 dederunt,
1785 782 1889 820 sicut

371 849 436 875 eas
470 835 764 875 rationabiliter
797 834 1024 887 possidetis,
1046 835 1161 874 vobis
1195 840 1236 875 et
1265 848 1338 887 per
1371 848 1443 874 vos
1476 835 1606 875 eidem
1639 836 1890 875 Monasterio

374 890 614 930 auctoritate
634 889 870 941 Apostolica
889 890 1169 928 confirmamus
1199 919 1208 928 .
1239 919 1249 928 .
1279 920 1289 930 .
1320 889 1349 928 ii
1371 889 1468 928 Idus
1488 889 1639 929 Martii.

373 1037 436 1076 34.
460 1037 684 1075 CCLXV111.3
716 1035 830 1089 [169]
858 1035 1171 1087 Archiepiscopo
1208 1035 1326 1076 Ebor.
1368 1040 1409 1075 et
1448 1036 1536 1088 ejus
1569 1035 1887 1084 Archidiaconis,

480 1090 658 1184 pgnsaffilss
695 1090 889 1139 Praelatis‚
931 1095 978 1129 ut
1016 1089 1293 1141 juramentum
1335 1103 1417 1129 non
1461 1091 1626 1142 exigant
1652 1091 1691 1143 :a
1733 1090 1891 1129 Rieval-

425 1222 659 1262 Alexander
687 1254 695 1262 .
728 1254 736 1262 .
767 1254 774 1262 .
808 1223 928 1262 Ebor.
957 1222 1270 1274 Archiepiscopo
1303 1228 1345 1262 et
1377 1222 1694 1272 Archidiaconis,
1729 1226 1771 1261 et
1803 1221 1890 1261 aliis

372 1276 559 1316 Ecclesiae
593 1277 769 1328 praelatis
798 1277 840 1315 in
870 1276 955 1327 ejus
988 1277 1235 1328 Episcopatu
1263 1277 1492 1317 constitutis
1521 1307 1531 1316 .
1562 1309 1571 1317 .
1603 1307 1612 1316 .
1643 1276 1893 1315 Auctoritati

371 1331 563 1369 Romanae
583 1331 769 1370 Ecclesiae
783 1331 1007 1369 manifestae
1023 1330 1191 1382 derogat
1219 1362 1228 1371 .
1260 1361 1269 1371 .
1300 1362 1309 1371 .
1341 1331 1442 1370 Inde
1463 1335 1523 1369 est
1539 1330 1647 1382 quod
1660 1329 1893 1369 discretioni

371 1390 514 1423 vestrae
534 1385 789 1424 Auctoritate
809 1385 1042 1436 Apostolica
1069 1385 1327 1436 prohibemus
1348 1385 1537 1436 quatinus
1557 1384 1691 1423 nullus
1710 1388 1892 1423 vestrum

370 1438 421 1477 ab
441 1439 602 1478 Abbate
631 1439 822 1478 Rievallis
843 1439 907 1477 vel
935 1439 1130 1478 fratribus
1159 1439 1246 1490 ejus
1275 1439 1513 1478 Monasterii
1541 1438 1584 1477 in
1613 1437 1891 1477 testimonium

373 1493 525 1531 vocatis
572 1493 845 1544 juramentum
884 1497 1023 1532 contra
1069 1493 1258 1532 instituta
1298 1493 1462 1532 Ordinis
1500 1492 1683 1532 Cistercii
1730 1492 1890 1543 exigere

373 1552 601 1598 praesumat,
632 1552 693 1586 set
726 1547 963 1598 interrogati
994 1547 1068 1586 sub
1100 1547 1277 1598 periculo
1312 1547 1454 1586 animae
1485 1560 1577 1595 suae,
1599 1547 1664 1586 vel
1697 1546 1739 1585 in
1768 1546 1892 1585 verbo

372 1601 556 1639 veritatis
586 1614 724 1640 eorum
744 1600 1021 1639 testimonium
1050 1601 1210 1639 firmum
1240 1605 1281 1640 et
1310 1601 1451 1640 stabile
1480 1601 1619 1640 haberi
1639 1601 1892 1640 volumus—-

373 1654 527 1694 Datu‘m
546 1655 743 1707 Anagniae
763 1655 831 1693 xii.
855 1654 945 1694 Kal.
969 1654 1096 1693 Madii
1118 1654 1211 1707 [sic]

375 1805 438 1843 35.
470 1804 645 1842 CCLXX.4
673 1802 988 1854 Archiepiscopo
1027 1803 1146 1842 Ebor.
1179 1808 1219 1843 et
1247 1803 1435 1843 Dunelm.
1469 1803 1667 1855 Episcopo
1706 1803 1756 1842 de
1793 1803 1896 1842 deci-

480 1871 636 1896 marum
668 1857 856 1896 libertate
885 1862 1024 1896 contra
1051 1857 1303 1909 quorundam
1329 1857 1632 1909 privilegiorum
1657 1858 1893 1908 interpreta-

479 1911 632 1951 tionem
652 1925 892 1963 perversam.

429 1988 557 2043 [170].
588 1989 823 2029 Alexander
850 2021 859 2030 .
891 2021 900 2030 .
931 2021 940 2029 .
972 1990 1090 2029 Ebor.
1131 1989 1456 2041 Archiepiscopo,
1494 1989 1738 2041 Apostolicae
1777 1988 1893 2028 Sedis

373 2043 539 2095 Legato‚
572 2049 612 2083 et
639 2044 829 2083 Dunelm.
859 2043 1069 2095 Episcopo,
1102 2049 1143 2083 et
1177 2044 1328 2083 clericis
1357 2045 1399 2082 in
1432 2057 1570 2083 eorum
1599 2042 1894 2094 episcopatibus

374 2098 607 2137 constitutis
635 2129 644 2138 .
675 2129 684 2138 .
716 2129 725 2138 .
757 2098 1011 2146 Audivimus,
1036 2102 1076 2137 et
1096 2097 1304 2138 audientes
1334 2099 1470 2136 mirati
1500 2111 1648 2146 sumus,
1670 2097 1777 2149 quod
1802 2110 1893 2136 eum

373 2152 585 2191 Fratribus
613 2152 947 2201 Rievallensibus,
967 2153 1070 2191 sicut
1097 2153 1185 2191 aliis
1214 2153 1398 2192 omnibus
1419 2152 1693 2191 Cisterciensis
1715 2151 1892 2198 Ordinis,

375 2219 398 2244 a
414 2207 597 2257 patribus
617 2212 658 2245 et
679 2206 1037 2257 praedecessoribus
1057 2207 1206 2245 nostris
1223 2220 1454 2245 concessum
1474 2207 1537 2255 sit,
1560 2211 1601 2244 et
1619 2220 1642 2244 a
1661 2206 1777 2244 nobis
1796 2205 1893 2256 ipsis

375 2260 632 2311 postmodum
662 2261 952 2308 confirmatum,
984 2266 1032 2299 ut
1060 2260 1110 2299 de
1138 2260 1344 2300 laboribus
1376 2274 1474 2312 quos
1507 2260 1678 2311 propriis
1708 2259 1893 2298 manibus

376 2318 446 2353 aut
489 2314 715 2365 sumptibus
759 2315 1009 2354 excoluerint
1046 2315 1199 2354 nemini
1241 2314 1414 2353 decimas
1462 2315 1616 2353 solvere
1664 2318 1890 2361 teneantur,

375 2367 542 2418 quidam
569 2368 618 2406 ab
645 2369 700 2406 eis
730 2369 1015 2408 nichilominus
1036 2373 1175 2408 contra
1201 2368 1497 2420 indulgentiam
1517 2368 1631 2407 Sedis
1650 2367 1895 2419 Apostolicae

375 2421 549 2460 decimas
579 2422 738 2473 exigere
765 2428 806 2461 et
831 2428 1071 2474 extorquere
1100 2428 1361 2474 praesumunt,
1390 2428 1442 2470 et,
1472 2423 1634 2461 sinistra
1659 2422 1896 2473 interpreta-

375 2475 486 2515 tione
502 2476 829 2527 Apostolicorum
850 2477 1150 2528 privilegiorum
1167 2477 1387 2528 capitulum
1408 2480 1694 2528 pervertentes,
1713 2479 1897 2515 asserunt

376 2529 426 2569 de
446 2529 658 2568 novalibus
674 2530 819 2569 debere
835 2531 1008 2582 intelligi
1030 2531 1107 2569 nisi
1127 2531 1177 2570 de
1196 2531 1399 2570 laboribus
1420 2536 1480 2569 est
1500 2531 1706 2569 insertum.
1762 2529 1895 2578 Quum

375 2583 502 2636 igitur
521 2584 781 2622 manifestum
802 2590 863 2623 est
882 2585 1067 2624 omnibus
1091 2585 1160 2636 qui
1189 2589 1296 2624 recte
1325 2584 1487 2636 sapiunt
1516 2584 1895 2635 interpretationem

375 2637 609 2689 hujusmodi
650 2651 879 2689 perversam
919 2652 1004 2678 esse
1044 2643 1085 2677 et
1122 2639 1347 2678 intellectui
1385 2652 1482 2677 sano
1524 2638 1776 2685 contrariam,
1818 2642 1892 2676 etc.

374 2692 492 2740 Nam,
515 2692 548 2731 si
568 2692 618 2731 de
637 2692 848 2731 novalibus
876 2693 1142 2732 voluissemus
1169 2697 1330 2731 tantum
1350 2692 1522 2743 intelligi
1541 2692 1612 2731 ubi
1641 2692 1824 2743 ponimus
1844 2691 1895 2729 de

375 2746 589 2794 laboribus,
613 2745 662 2784 de
688 2746 898 2785 novalibus
928 2760 1179 2798 poneremus,
1206 2747 1310 2786 sicut
1333 2746 1374 2784 in
1404 2746 1624 2798 privilegiis
1643 2744 1894 2797 quorundam

376 2800 616 2852 apponimus
649 2799 829 2839 aliorum.
902 2800 1006 2848 Quia
1042 2814 1138 2840 vero
1175 2815 1256 2840 non
1295 2806 1356 2839 est
1394 2801 1635 2839 conveniens
1672 2804 1718 2838 ut
1756 2802 1896 2837 contra

374 2854 564 2893 instituta
592 2854 707 2893 Sedis
735 2853 978 2905 Apostolicae
1010 2884 1018 2893 .
1049 2886 1057 2894 .
1089 2885 1097 2894 .
1129 2854 1195 2893 Ad
1225 2855 1310 2903 hoc,
1342 2855 1602 2906 praesentium
1620 2853 1734 2892 vobis
1762 2857 1897 2891 aucto-

505 2957 518 2977 1
542 2957 701 2990 Omitted
718 2961 756 2990 at
772 2969 804 3000 p.
828 2958 898 2992 197.
1301 2958 1314 2978 3
1337 2958 1496 2991 Omitted
1513 2961 1550 2989 at
1566 2969 1599 2999 p.
1623 2958 1696 2990 198.

505 3000 518 3020 2
540 3001 726 3033 Acharias.
1302 3001 1314 3021 ⁴
1338 3001 1496 3034 Omitted
1512 3005 1550 3033 at
1566 3012 1598 3043 p.
1619 3001 1688 3032 199.
