2033 3242
387 246 409 282 2
418 245 468 282 98
820 251 1133 282 CARTULARIUM
1153 251 1458 282 RIEVALLENSE.

385 357 674 411 pertinenciis,
690 356 735 396 in
752 356 1002 410 Angoteby:
1024 356 1312 397 Donationem
1333 389 1341 397 .
1364 388 1372 397 .
1395 389 1402 397 .
1425 369 1530 410 quas
1548 355 1763 396 Henricus
1779 354 1893 395 filius

387 415 558 457 Ricardi
571 415 623 456 de
637 415 910 468 Hosegoteby
926 447 934 455 .
949 447 956 454 .
975 447 983 454 .
999 414 1099 455 fecit
1111 414 1204 454 Deo
1217 446 1226 455 .
1241 447 1249 455 .
1264 447 1272 454 .
1287 413 1338 454 de
1351 414 1596 454 molendino
1609 427 1685 454 suo
1698 412 1895 466 aquatico

387 474 537 514 subtus
565 472 808 521 Witec]iffe‚
823 476 865 513 et
885 476 976 512 tota
991 475 1165 525 pastura
1178 485 1254 512 sua
1269 471 1316 511 in
1331 471 1550 521 Witecliff,
1566 485 1663 512 cum
1679 470 1895 525 pertinen-

387 532 486 572 ciis:
517 530 806 572 Donationem
827 562 835 570 .
859 561 869 571 .
891 562 900 570 .
923 543 1028 583 quas
1050 529 1226 570 Beatrix
1241 529 1329 569 filia
1350 530 1504 583 Rogeri
1525 529 1577 570 de
1597 528 1895 581 Thurstaneby

387 589 490 630 fecit
509 588 671 629 Abbati
693 592 734 628 et
755 587 975 628 monachis
996 587 1212 641 praedictis
1234 587 1286 627 de
1306 601 1393 627 una
1423 587 1578 628 bovata
1597 590 1720 628 terrae
1750 586 1796 626 in
1818 586 1896 626 Os-

387 647 554 701 goteby,
569 651 611 687 et
623 646 731 686 tofto
752 650 796 686 et
817 646 950 686 crofto
967 649 1010 686 et
1026 645 1120 686 aliis
1137 645 1412 699 pertinenciis
1429 645 1539 685 suis:
1570 644 1898 686 Concessionem

387 738 393 745 .
413 738 420 745 .
439 738 447 746 .
471 717 576 758 quas
589 703 749 743 infirmi
761 704 911 744 fratres
926 703 1166 757 Hospitalis
1189 703 1227 744 S.
1242 702 1453 751 Nicholai,
1467 703 1615 744 Ebor..
1639 735 1647 743 .
1669 735 1678 743 .
1702 702 1896 743 fecerunt

388 763 481 803 Deo
512 794 520 803 .
553 794 562 803 .
594 794 603 802 .
635 761 687 802 de
709 762 876 802 duabus
897 761 1021 802 terris
1043 761 1131 802 suis
1162 761 1209 801 in
1230 761 1468 814 Leirthorp‚
1490 774 1588 800 cum
1609 759 1898 814 pertinenciis,

389 834 571 874 quarum
584 833 671 859 una
685 824 749 860 est
764 824 913 860 contra
929 819 1165 860 Ecclesiam
1184 819 1221 859 S.
1242 819 1394 859 Mariae
1415 831 1563 859 versus
1581 818 1837 872 aquilonem,
1854 821 1898 857 et

389 878 474 919 alia
494 882 558 918 est
579 878 625 917 in
646 877 717 918 via
738 891 833 931 quae
854 881 1033 917 vocatur
1064 877 1299 931 Sunnegail
1314 892 1321 916 :
1339 876 1354 900 1
1385 876 1676 916 Donationem
1697 909 1705 916 .
1729 910 1736 916 .
1759 908 1767 916 .
1790 888 1897 929 quas

390 935 683 990 Rand[ulfus],
706 936 839 984 Prior,
862 940 905 976 et
923 935 1170 976 Conventus
1187 935 1225 975 S.
1249 934 1445 982 Andreae,
1464 935 1586 974 Ebor.
1611 967 1618 974 .
1641 966 1648 974 .
1672 966 1679 974 .
1703 933 1899 973 fecerunt

390 994 609 1034 monachis
630 993 847 1047 praedictis
868 993 920 1033 de
941 997 1032 1033 tota
1048 998 1159 1034 terra
1174 1006 1251 1033 sua
1268 993 1319 1033 de
1336 992 1573 1045 Lairthorp,
1590 1005 1685 1032 cum
1703 991 1900 1031 domibus

391 1057 433 1093 et
455 1052 654 1093 omnibus
671 1051 951 1105 pertinenciis
977 1051 1091 1092 suis:
1115 1050 1444 1092 Concessionem
1465 1083 1473 1090 .
1497 1083 1504 1090 .
1528 1081 1536 1089 .
1561 1062 1666 1103 quas
1691 1048 1901 1102 Magister

391 1111 448 1151 W
479 1142 487 1152 .
519 1143 527 1151 .
559 1143 567 1151 .
600 1109 652 1150 de
695 1109 786 1149 Hot
817 1142 824 1150 .
859 1143 866 1151 .
899 1142 907 1150 .
940 1109 1043 1150 fecit
1083 1109 1176 1149 Deo
1206 1142 1214 1149 .
1248 1142 1255 1150 .
1289 1142 1298 1150 .
1329 1108 1381 1148 de
1423 1108 1548 1148 domo
1591 1120 1720 1160 quam
1760 1106 1902 1147 tenuit

392 1169 443 1209 de
474 1168 534 1209 eis
566 1168 611 1207 in
643 1168 885 1221 Lairthorp,
906 1181 1004 1208 cum
1035 1167 1157 1216 tofto,
1183 1180 1278 1220 quae
1298 1166 1429 1206 habet
1460 1165 1740 1219 quadraginta
1772 1164 1900 1217 pedes

392 1227 438 1266 in
491 1225 736 1274 latitudine,
778 1230 822 1266 et
872 1225 924 1266 de
972 1225 1056 1266 alia
1108 1225 1244 1274 domo,
1286 1238 1385 1265 cum
1439 1224 1548 1264 tofto
1598 1223 1725 1276 juxta
1779 1222 1900 1262 illam

393 1284 605 1338 contiguo,
661 1297 757 1337 quae
811 1283 942 1324 habet
1003 1282 1159 1337 viginti
1210 1282 1339 1336 pedes
1395 1282 1441 1322 in
1497 1281 1740 1329 latitudine,
1802 1293 1902 1320 cum

392 1341 695 1396 pertinenciis:
746 1341 1036 1382 Donationem
1067 1374 1074 1381 .
1108 1374 1116 1381 .
1148 1374 1155 1382 .
1190 1354 1295 1394 quas
1337 1340 1520 1380 Thomas
1562 1339 1614 1379 de
1654 1337 1901 1391 Aslackeby

394 1435 401 1441 .
435 1433 442 1441 .
475 1433 484 1441 .
516 1400 620 1440 fecit
667 1400 760 1440 Deo
793 1433 801 1441 .
833 1432 840 1440 .
874 1432 882 1440 .
916 1399 967 1440 de
1003 1412 1146 1439 annuo
1187 1398 1359 1439 redditu
1399 1397 1616 1438 sexdecim
1657 1396 1903 1444 solidorum,

395 1472 493 1499 cum
514 1457 804 1511 pertinenciis,
824 1457 870 1496 in
901 1457 1006 1497 villa
1036 1457 1175 1508 Ebor.,
1208 1457 1259 1497 de
1291 1456 1488 1497 domibus
1519 1455 1606 1495 illis
1637 1468 1744 1508 quas
1775 1454 1905 1507 Hugo

395 1517 447 1557 de
470 1515 623 1570 Seleby
646 1515 697 1555 de
733 1529 782 1555 eo
817 1515 958 1556 tenuit
993 1515 1040 1554 in
1076 1514 1199 1554 feodo
1231 1514 1283 1555 ad
1316 1514 1455 1568 capud
1486 1513 1629 1567 pontis
1651 1513 1703 1553 de
1735 1512 1838 1560 Usa,
1858 1511 1905 1551 in

396 1573 595 1626 parochia
628 1573 666 1613 S.
689 1572 939 1613 Michaelis:
970 1572 1259 1612 Donationem
1291 1586 1394 1624 quas
1425 1571 1643 1612 Walterus
1674 1570 1907 1611 Aurifaber

398 1633 449 1673 de
485 1631 746 1685 Hundegate
782 1635 824 1671 et
856 1630 1028 1678 Muriel,
1063 1644 1172 1670 uxor
1208 1631 1311 1683 ejus,
1344 1663 1351 1671 .
1386 1663 1393 1671 .
1426 1662 1433 1670 .
1465 1630 1660 1669 fecerunt
1688 1629 1781 1668 Deo
1813 1659 1821 1668 .
1853 1660 1862 1668 .
1896 1660 1903 1668 .

397 1691 449 1731 de
470 1694 561 1730 tota
582 1694 696 1729 terra
712 1702 799 1737 sua,
817 1702 914 1729 cum
935 1688 1223 1742 pertinenciis,
1239 1688 1284 1728 in
1303 1687 1572 1741 Hundegate,
1590 1701 1686 1727 cum
1709 1685 1906 1726 omnibus

398 1747 590 1789 aedificiis
611 1755 654 1787 et
676 1747 873 1787 domibus
903 1747 949 1786 in
981 1746 1128 1786 eadem
1159 1751 1271 1786 terra
1303 1746 1584 1786 constructis:
1617 1743 1906 1784 Donationem

398 1807 538 1856 etiam,
563 1809 604 1846 et
624 1805 952 1858 resignationem
977 1809 1019 1845 et
1051 1804 1415 1844 confirmationem
1444 1816 1548 1856 quas
1571 1802 1780 1856 Magister
1799 1800 1908 1841 Wil-

398 1864 553 1905 lelmus
576 1863 627 1904 de
648 1863 683 1902 F
686 1863 850 1903 ornesio
883 1895 890 1903 .
923 1895 930 1903 .
964 1894 972 1903 .
1004 1862 1108 1902 fecit
1128 1862 1290 1902 Abbati
1313 1866 1354 1901 et
1377 1860 1595 1901 monachis
1618 1859 1833 1913 praedictis
1856 1858 1907 1899 de

400 1922 598 1962 omnibus
615 1921 827 1970 domibus,
844 1934 942 1961 cum
964 1920 1161 1960 omnibus
1183 1919 1470 1973 pertinenciis,
1488 1919 1533 1958 in
1556 1918 1743 1959 Civitate
1765 1915 1910 1957 Ebor.2

400 1981 443 2020 in
469 1979 738 2032 Hundegate,
760 1992 865 2032 quas
887 1978 977 2032 ipse
994 1977 1208 2031 plantavit
1230 1981 1271 2017 et
1293 1975 1425 2032 [quae]
1450 1977 1542 2016 sitae
1559 1975 1575 1998 3
1597 1981 1699 2016 sunt
1719 1976 1765 2015 in
1786 1975 1909 2015 feodo

402 2038 613 2078 dictorum
653 2037 838 2077 Abbatis
875 2041 918 2076 et
952 2035 1283 2076 monachorum:
1330 2035 1617 2074 Donationem
1658 2034 1844 2087 insuper,
1866 2037 1909 2073 et

402 2096 592 2149 quietam
614 2091 893 2135 clamanciam
924 2107 1053 2147 quam
1076 2093 1201 2134 Lecia
1231 2092 1397 2133 Tirlit'4
1431 2106 1507 2146 per
1539 2092 1747 2145 scriptum
1783 2104 1911 2131 suum

403 2154 505 2194 fecit
525 2153 618 2193 Deo
641 2152 692 2193 de
727 2152 883 2206 viginti
919 2157 962 2192 et
997 2156 1090 2192 octo
1127 2151 1358 2191 denariatis
1394 2150 1526 2190 annui
1553 2150 1758 2197 redditus,
1780 2148 1912 2188 trium

404 2211 646 2259 solidorum,
667 2211 713 2250 in
734 2210 890 2264 quibus
912 2210 1017 2250 dicti
1032 2210 1179 2250 Abbas
1202 2214 1244 2250 et
1277 2209 1523 2249 Conventus
1546 2208 1626 2248 sibi
1657 2207 1913 2248 tenebantur

404 2283 480 2322 pro
515 2282 602 2308 una
635 2268 760 2308 domo
798 2268 845 2308 in
882 2267 1140 2321 Hundegate
1173 2281 1303 2320 quam
1334 2266 1542 2320 Magister
1581 2265 1828 2305 Willelmus
1859 2264 1911 2305 de

405 2327 555 2366 Fu1n’4
588 2326 639 2366 de
669 2326 762 2379 ipso
794 2326 961 2366 tenuit:
993 2325 1282 2365 Donationem
1313 2357 1322 2365 .
1355 2357 1363 2365 .
1396 2357 1404 2364 .
1438 2338 1542 2377 quas
1565 2323 1776 2363 Ranulfus
1798 2322 1911 2362 filius

406 2383 588 2425 Walteri
619 2416 627 2424 .
659 2417 667 2424 .
701 2417 709 2424 .
742 2384 846 2424 fecit
881 2384 974 2423 Deo
1007 2416 1015 2424 .
1047 2416 1054 2424 .
1089 2416 1096 2424 .
1129 2383 1181 2423 de
1217 2382 1292 2422 illa
1329 2382 1508 2422 dimidia
1545 2385 1740 2421 carucata
1776 2385 1914 2428 terrae,

407 2456 505 2482 cum
540 2441 828 2494 pertinenciis,
865 2455 960 2495 quae
997 2446 1061 2482 est
1096 2441 1143 2481 in
1179 2440 1391 2481 territorio
1428 2440 1480 2480 de
1515 2439 1748 2479 Folketone
1784 2451 1913 2491 quam

451 2532 461 2549 ¹
485 2531 559 2563 One
577 2531 656 2562 fails
672 2533 709 2562 to
726 2531 903 2572 recognise
920 2531 992 2562 this
1008 2541 1120 2562 name.

407 2575 604 2614 Moreover,
628 2575 658 2605 it
681 2574 710 2605 is
734 2585 823 2616 open
848 2578 885 2606 to
909 2574 1071 2616 question
1098 2573 1126 2605 if

409 2619 470 2650 the
495 2618 580 2649 final
611 2617 759 2658 syllable
789 2618 900 2660 ought
930 2620 995 2649 not
1020 2619 1058 2649 to
1082 2616 1126 2649 be

407 2662 481 2703 yait
497 2661 617 2693 rather
633 2661 719 2692 than
735 2661 817 2701 yail.

453 2704 466 2723 2
489 2705 562 2737 The
586 2703 747 2736 Convent
770 2703 806 2735 of
823 2704 974 2735 Furness
1002 2703 1126 2735 owned

410 2749 543 2780 certain
582 2748 892 2789 house—property
931 2748 967 2778 in
1012 2746 1125 2785 York,

411 2792 526 2823 which
557 2802 638 2833 may
670 2793 722 2829 (or
759 2801 839 2832 may
870 2792 946 2830 not)
984 2790 1027 2822 be
1065 2790 1127 2821 the

410 2835 589 2876 buildings
624 2834 778 2866 referred
805 2837 842 2865 to
874 2834 966 2864 here.
1031 2833 1075 2865 In
1106 2844 1127 2864 a

412 2878 520 2920 Papal
548 2877 800 2911 Confirmation
830 2877 972 2919 printed
996 2877 1031 2908 in
1066 2876 1127 2907 the

412 2922 563 2953 Furness
602 2921 761 2954 Coueher
798 2922 835 2952 at
872 2931 905 2962 p.
941 2921 1015 2959 667,
1057 2930 1127 2951 una

1201 2531 1335 2562 mansio
1352 2530 1388 2561 in
1412 2529 1566 2562 Civitate
1591 2528 1694 2560 Ebor.
1722 2528 1751 2560 is
1774 2527 1912 2566 named,

1201 2574 1271 2605 and
1288 2574 1323 2605 in
1339 2574 1400 2605 the
1424 2573 1675 2614 Introductory
1692 2572 1858 2613 Chapter,
1879 2581 1912 2613 p.

1201 2617 1288 2657 lviii,
1313 2628 1334 2648 a
1353 2619 1376 2633 “
1388 2617 1518 2648 demise
1535 2616 1571 2648 of
1593 2616 1654 2647 the
1684 2617 1864 2647 tenement
1879 2616 1918 2645 at

1204 2661 1314 2699 York,
1337 2660 1464 2691 known
1487 2671 1525 2691 as
1546 2659 1716 2691 ‘Furness
1739 2657 1917 2695 House,”’

1203 2704 1233 2736 is
1272 2704 1488 2746 specifically
1525 2702 1739 2741 mentioned,
1780 2704 1842 2733 not
1879 2703 1916 2732 to

1203 2747 1294 2779 refer
1310 2750 1347 2779 to
1363 2747 1465 2778 other
1481 2747 1667 2779 instances.

1246 2815 1259 2835 ³
1282 2816 1359 2848 Siti.

1246 2875 1259 2894 ⁴
1283 2876 1356 2907 The
1379 2877 1459 2906 true
1486 2874 1592 2906 forms
1616 2873 1651 2905 of
1674 2873 1772 2905 these
1800 2880 1918 2903 names

1205 2930 1263 2950 are
1280 2918 1476 2961 altogether
1493 2917 1685 2949 uncertain.
