2033 3242
602 229 915 259 CARTULARIUM
937 228 1242 259 RIEVALLENSE.
1594 223 1616 259 2
1624 223 1671 260 91

176 340 218 376 et
239 338 369 382 extra,
389 338 478 374 tam
509 347 657 374 versus
689 334 827 375 Leche
847 347 976 387 quam
998 347 1051 374 ex
1072 333 1156 373 alia
1185 337 1305 386 parte
1326 333 1517 385 ejusdem
1538 333 1676 376 villae:

177 391 501 433 Concessionem
533 425 541 433 .
575 424 583 432 .
616 424 624 432 .
657 405 762 445 quas
799 391 1040 432 Willelmus
1074 391 1126 431 de
1161 390 1391 431 Stutevilla
1432 423 1440 432 .
1474 423 1482 431 .
1526 423 1533 431 .
1576 391 1678 432 fecit

175 450 268 491 Deo
313 481 322 490 .
369 481 377 488 .
424 481 432 489 .
481 449 533 489 de
565 449 636 489 via
671 449 722 490 de
756 449 948 490 Kausebi
983 462 1113 503 quam
1148 449 1278 489 frater
1318 461 1419 489 suus
1462 448 1675 489 Osmund-

176 521 227 548 us
279 506 397 548 dedit
436 506 522 546 illis
573 539 581 547 .
631 540 639 548 .
692 539 700 547 .
751 507 812 547 ita
861 507 1049 560 plenarie
1094 510 1136 547 et
1185 505 1316 547 libere
1360 506 1673 560 imperpetuum

176 565 380 605 utendam
420 564 532 605 sicut
572 564 618 604 in
665 569 780 605 carta
819 565 910 618 ejus
951 565 1215 605 continetur:
1265 564 1552 604 Donationem
1583 597 1590 605 .

175 636 282 675 quas
303 622 513 662 Robertus
548 622 661 662 filius
698 623 814 663 Petri
849 623 901 662 de
935 622 1174 675 Sproxtona
1204 654 1212 662 .
1247 655 1254 662 .
1287 654 1295 662 .
1328 622 1429 662 fecit
1459 622 1552 663 Deo
1584 654 1591 662 .
1625 654 1632 662 .
1666 655 1674 663 .

175 680 228 721 (16
249 680 414 720 duabus
434 679 541 720 acris
573 685 704 725 terrae,
725 694 822 720 cum
853 679 1138 733 pertinenciis,
1159 680 1204 719 in
1236 680 1500 733 Sproxtona:
1533 680 1678 720 Dona-

175 738 335 778 tionem
368 770 376 778 .
408 770 416 778 .
449 770 457 778 .
490 751 595 791 quas
617 738 823 778 Ricardus
854 737 906 778 de
938 737 1177 791 Sproxtona
1208 770 1216 778 .
1249 769 1256 778 .
1289 770 1297 778 .
1330 738 1432 778 fecit
1453 738 1545 778 Deo
1584 770 1591 777 .
1626 770 1633 778 .
1666 771 1674 778 .

175 795 227 836 de
249 795 446 836 omnibus
480 795 780 835 donationibus
817 795 993 835 Roberti
1023 795 1075 835 de
1109 795 1359 848 Sproxtona,
1380 795 1513 848 patris
1535 795 1612 843 sui,
1635 800 1678 836 et

176 853 361 894 Simonis
383 853 434 894 de
457 854 705 906 Sproxtona,
727 853 868 893 fratris
899 853 1126 901 sui—scil,
1152 866 1204 893 ex
1235 853 1345 893 dono
1376 853 1510 906 patris
1532 853 1599 893 sui
1627 853 1678 894 de

173 915 348 965 pastura
368 911 413 951 in
435 911 646 951 territorio
677 911 728 951 de
760 911 999 964 Sproxtona
1028 925 1102 964 per
1122 914 1261 951 totum
1284 911 1458 951 boscum
1480 924 1605 951 suum
1637 915 1679 952 et

175 983 250 1022 per
271 974 406 1010 totam
444 968 636 1023 [terram]
670 982 791 1009 suam
823 968 875 1008 ad
907 968 1084 1022 triginta
1119 981 1280 1017 vaccas,
1309 982 1406 1009 cum
1434 973 1556 1009 tauro
1590 982 1678 1018 5110,

176 1041 355 1079 quarum
389 1026 519 1067 vituli
550 1032 777 1080 pascentur
807 1025 966 1066 ibidem
998 1026 1130 1066 donec
1156 1026 1315 1080 singuli
1346 1039 1507 1066 annum
1528 1026 1677 1080 imple-

176 1085 327 1133 verint,
349 1090 392 1125 et
425 1085 477 1125 de
512 1090 687 1138 pastura
721 1097 796 1137 per
817 1088 949 1124 totam
972 1088 1129 1124 terram
1163 1097 1296 1131 suam,
1317 1084 1435 1124 intus
1469 1089 1512 1124 et
1547 1090 1679 1134 extra,

175 1143 420 1196 ubicunque
437 1175 444 1182 .
461 1175 469 1183 .
490 1175 498 1184 .
520 1142 573 1182 ad
595 1155 694 1182 oves
711 1142 926 1190 ducentas,
943 1155 1122 1194 quarum
1144 1141 1242 1194 agni
1258 1146 1383 1181 erunt
1403 1141 1561 1182 ibidem
1584 1156 1682 1182 cum

178 1201 387 1241 matribus
424 1200 524 1248 suis,
557 1199 736 1252 singulis
772 1199 906 1247 annis,
942 1212 1077 1252 usque
1109 1199 1162 1239 ad
1197 1199 1533 1252 separationem3
1563 1203 1680 1240 etex

179 1258 289 1299 dono
313 1258 510 1306 Simonis,
533 1257 675 1297 fratris
697 1257 774 1305 sui,
807 1262 849 1297 et
870 1270 945 1297 suo
977 1256 1028 1297 de
1053 1261 1228 1309 pastura
1249 1256 1302 1296 ad
1324 1256 1428 1296 alias
1449 1261 1680 1298 trescentas

177 1330 276 1357 oves
298 1316 458 1369 ubique
479 1329 577 1355 cum
608 1314 824 1368 praedictis
855 1314 1050 1354 ducentis
1081 1314 1245 1362 ovibus,
1266 1314 1397 1354 simili
1425 1314 1562 1362 modo,
1583 1328 1681 1355 cum

177 1374 296 1427 agnis
318 1374 418 1422 suis,
440 1386 535 1427 quae
556 1373 799 1426 quingentae
815 1385 913 1412 oves
930 1372 1135 1425 jacebunt
1150 1372 1196 1411 in
1212 1372 1338 1412 faldis
1360 1372 1471 1412 sicut
1492 1378 1682 1425 pastores

177 1445 323 1472 earum
365 1431 642 1485 providerint,
683 1434 725 1471 et
775 1429 827 1470 de
869 1429 1074 1482 capiendo
1114 1429 1247 1470 libere
1288 1429 1339 1469 de
1380 1430 1506 1470 bosco
1546 1431 1682 1484 ipsius

177 1489 361 1538 Ricardi,
402 1489 453 1529 ad
492 1488 871 1529 considerationem
908 1487 1120 1527 forestarii
1156 1487 1235 1536 sui,
1256 1487 1479 1527 materiam
1502 1493 1545 1529 et
1570 1489 1684 1542 quic·

177 1547 280 1600 quid
304 1560 409 1600 opus
431 1546 660 1587 habuerint
691 1546 744 1586 ad
774 1545 1004 1586 bercariam
1027 1549 1070 1585 et
1085 1545 1233 1593 faldas,
1257 1550 1300 1585 et
1321 1545 1374 1585 ad
1396 1559 1543 1586 omnes
1575 1546 1682 1587 alios

175 1619 278 1645 usus
317 1618 414 1646 suos
450 1604 497 1644 in
533 1604 679 1644 eodem
715 1603 820 1651 1000,
856 1603 967 1643 sicut
1002 1603 1093 1656 ipse
1129 1603 1303 1643 liberius
1341 1604 1455 1656 cepit
1491 1604 1544 1644 ad
1585 1618 1683 1645 suos

174 1663 366 1716 proprios
406 1675 521 1710 usus,
563 1666 605 1702 et
646 1661 698 1702 de
748 1661 1060 1715 quinquaginta
1101 1666 1144 1701 et
1191 1661 1356 1701 duabus
1398 1662 1505 1701 acris
1547 1669 1681 1711 terrae,

177 1734 274 1761 cum
310 1719 596 1774 pertinenciis,
633 1719 678 1759 in
716 1719 966 1772 Sproxtona‚
1000 1723 1042 1759 et
1078 1718 1130 1759 de
1162 1723 1253 1759 tota
1290 1732 1400 1772 aqua
1433 1719 1524 1759 Riae
1554 1721 1683 1773 juxta

174 1779 353 1819 eandem
385 1783 555 1826 terram,
583 1782 626 1817 et
662 1777 713 1818 de
749 1777 895 1817 decem
930 1777 1038 1817 acris
1072 1790 1199 1829 super
1228 1781 1418 1817 montem
1451 1777 1561 1817 circa
1589 1778 1680 1818 ber-

173 1837 328 1877 cariam
351 1849 507 1885 eorum,
529 1835 640 1875 sicut
661 1849 730 1876 eas
752 1834 997 1875 clauserunt
1017 1835 1142 1874 metis
1164 1838 1206 1875 et
1237 1834 1416 1883 fossatis,
1439 1840 1482 1875 et
1512 1835 1564 1875 de
1591 1840 1681 1876 toto

171 1894 358 1935 11101000
384 1893 460 1947 qui
487 1893 644 1933 dicitur
664 1892 909 1941 Eskeholm,
930 1898 973 1932 et
1004 1892 1055 1932 de
1087 1892 1278 1932 ducendo
1309 1906 1464 1945 aquam
1486 1893 1576 1933 Riae
1607 1907 1683 1946 per

173 1952 355 1993 eundem
390 1952 531 1992 10011111
568 1951 739 2004 quando
760 1950 985 1999 voluerint,
1022 1955 1065 1990 et
1086 1955 1246 2003 quanto
1282 1951 1456 2003 propius
1491 1955 1681 1991 montem

172 2010 399 2058 voluerint,
430 2013 473 2050 et
509 2009 560 2049 de
592 2014 766 2062 pastura
799 2009 851 2048 ad
885 2008 1166 2061 quadraginta
1200 2012 1242 2048 et
1275 2014 1368 2048 octo
1402 2009 1528 2049 boves
1551 2022 1575 2049 a
1600 2009 1680 2050 Ria

172 2081 307 2121 usque
329 2068 382 2108 ad
404 2067 697 2120 Suthg'mam1
719 2080 813 2119 quae
830 2066 919 2106 exit
941 2066 991 2106 de
1013 2064 1251 2114 Tonedale,l
1269 2079 1342 2118 per
1362 2070 1496 2106 totam
1517 2080 1679 2107 moram

169 2131 212 2166 et
243 2129 383 2166 totum
411 2124 585 2165 boscum
616 2129 826 2177 quantum
857 2128 968 2164 terra
1003 2137 1079 2163 sua
1109 2123 1438 2173 duravit—scil„
1459 2138 1595 2177 usque
1627 2125 1680 2165 ad

169 2197 366 2236 magnam
402 2182 517 2222 viam
554 2182 754 2222 deversus
788 2186 991 2230 austrum,
1028 2189 1071 2221 et
1106 2195 1157 2222 ex
1194 2181 1278 2221 alia
1313 2186 1432 2235 parte
1468 2187 1679 2236 quantum

170 2248 281 2282 terra
302 2254 378 2281 sua
396 2239 566 2280 duravit
586 2253 732 2280 versus
751 2239 1004 2287 Scaltonam‚
1017 2239 1188 2292 ubique,
1211 2245 1253 2280 et
1276 2239 1327 2279 de
1347 2239 1430 2280 viis
1452 2246 1494 2280 et
1516 2241 1678 2281 semitis

169 2299 313 2340 liberis
344 2312 418 2352 per
448 2301 583 2338 totam
603 2302 761 2338 terram
791 2297 926 2350 ipsius
949 2296 1131 2345 Ricardi‚
1153 2302 1196 2337 et
1227 2297 1278 2338 de
1308 2297 1439 2338 libere
1469 2298 1678 2338 firmando

169 2362 211 2398 et
246 2355 441 2396 habendo
474 2360 649 2409 pontem
684 2355 775 2395 Riae
810 2368 938 2408 super
972 2360 1127 2395 terram
1163 2355 1298 2408 ipsius
1335 2355 1518 2404 fficardi,
1549 2362 1590 2396 et
1627 2356 1678 2397 de

168 2415 302 2456 libera
332 2413 402 2453 via
433 2419 553 2454 extra
583 2413 741 2453 fossata
782 2413 863 2453 sibi
894 2418 936 2453 et
976 2412 1220 2453 hominibus
1252 2418 1295 2454 et
1325 2414 1501 2454 carectis
1533 2418 1576 2454 et
1606 2427 1677 2467 pe-

168 2472 336 2514 coribus
369 2471 468 2519 suis,
490 2471 544 2511 ad
572 2471 760 2511 eundum
796 2474 838 2511 et
872 2470 1148 2519 redeundum,
1169 2470 1222 2511 ad
1253 2471 1510 2524 portandum
1541 2477 1584 2512 et
1614 2485 1676 2512 re-

167 2529 425 2585 portandum
445 2542 510 2570 res
532 2542 629 2569 suas
650 2529 762 2569 inter
782 2530 997 2582 grangiam
1020 2541 1140 2569 suam
1161 2528 1213 2569 de
1235 2528 1351 2569 Griff
1366 2535 1409 2570 et
1429 2529 1676 2583 praedictam

216 2639 227 2657 ¹
251 2635 453 2678 Expansion
483 2635 553 2666 and
578 2635 803 2677 explanation
819 2645 878 2666 are
971 2634 1018 2676 by
1038 2635 1375 2677 “Suth-grainam‚”
1390 2637 1491 2676 grain
1516 2635 1619 2678 being
1643 2636 1679 2667 in

168 2681 310 2723 equally
328 2678 478 2712 difficult
494 2679 530 2710 in
547 2678 608 2710 the
625 2689 702 2710 0656
722 2678 758 2710 of
781 2678 879 2710 these
971 2677 1060 2710 local
1082 2689 1144 2710 1156
1166 2679 1202 2710 111
1225 2679 1287 2711 the
1310 2679 1451 2710 district
1477 2690 1514 2710 as
1539 2679 1599 2710 the
1623 2678 1680 2710 de-

169 2730 240 2756 two
270 2734 400 2755 names.
452 2722 627 2753 Tonedale
658 2722 771 2764 might
802 2732 878 2763 pos·
972 2721 1147 2764 signation
1164 2722 1200 2753 of
1220 2732 1240 2753 a
1255 2722 1386 2754 branch
1403 2733 1441 2753 or
1457 2722 1680 2754 side-section

169 2767 261 2808 sibly
277 2767 320 2798 be
337 2765 506 2798 intended
522 2765 576 2797 for
588 2765 797 2804 Thorndale,
814 2765 878 2796 but
971 2765 1007 2796 of
1030 2776 1050 2797 a
1073 2765 1189 2807 valley
1212 2776 1251 2798 or
1273 2766 1403 2803 ravine,
1423 2766 1491 2797 and
1515 2766 1600 2797 such
1624 2777 1681 2797 ex-

168 2811 257 2844 local
295 2809 556 2842 corroboration
593 2809 622 2840 is
660 2809 794 2840 absent.
842 2808 879 2840 It
972 2808 1152 2850 planation
1182 2809 1299 2841 would
1337 2809 1468 2840 eonsist
1498 2809 1585 2840 with
1620 2809 1681 2841 the

169 2853 287 2886 would
314 2853 446 2886 consist
470 2853 556 2884 with
584 2852 645 2884 the
671 2853 814 2894 writing
840 2855 878 2884 to
972 2851 1142 2895 language
1158 2852 1342 2895 employed
1359 2852 1394 2883 in
1411 2852 1471 2884 the
1487 2863 1641 2895 passage.

168 2897 252 2931 read
277 2896 502 2939 Suthy’inam,
531 2896 601 2928 and
627 2899 665 2928 to
687 2895 825 2938 expand
848 2895 879 2927 it
