2033 3242
575 304 889 335 CARTULARIUM
910 304 1215 335 RIEVALLENSE.
1598 299 1647 336 81

142 407 222 448 filii
243 408 338 457 mei,
360 414 403 449 et
424 408 603 449 aliorum
636 408 821 450 filiorum
854 423 1056 458 meorum,
1086 414 1222 450 totam
1243 414 1399 450 terram
1427 409 1480 450 de
1509 410 1651 451 Houe-

141 465 265 506 tona1
285 466 400 507 inter
419 466 645 506 Redofram
666 472 710 507 et
739 467 923 508 Kirkebi
953 481 1006 508 ex
1037 467 1213 507 australi
1243 473 1362 520 parte
1394 467 1520 515 bosci,
1542 467 1653 508 sicut

143 537 236 564 eam
257 528 489 564 tenuerunt
509 523 727 573 hactenus,
749 530 838 565 tam
865 525 912 565 in
933 525 1056 565 terris
1078 525 1205 565 cultis
1228 538 1354 578 quam
1377 524 1423 564 in
1454 525 1588 578 pratis
1611 530 1653 566 et

142 581 494 635 pasturis—scil„
515 581 628 622 sicut
649 582 785 623 divisa
801 583 916 636 jacet
946 583 1059 623 inter
1079 588 1213 623 terras
1235 582 1374 623 cultas
1395 582 1448 623 de
1469 582 1655 623 Kirkebi

143 643 186 679 et
207 638 258 679 de
283 639 521 687 Houetona‚
552 643 595 680 et
624 640 745 680 vadit
775 654 910 694 usque
940 641 986 680 in
1016 654 1214 694 magnam
1235 640 1350 680 viam
1381 654 1464 693 qua
1496 641 1582 681 itur
1603 640 1655 681 de

144 696 327 737 Kirkebi
347 697 401 737 ad
430 696 716 749 Houetonam,
740 703 782 738 et
802 698 902 739 inde
933 698 1044 738 sicut
1074 703 1197 738 rectae
1229 698 1375 738 divisae
1396 698 1560 738 vadunt
1580 711 1657 751 per

144 754 378 795 Hovelund
407 768 544 808 usque
573 754 626 795 ad
656 755 851 805 Balbusc,
880 760 922 796 et
951 755 1052 797 inde
1082 770 1216 809 usque
1249 755 1300 795 ad
1322 755 1533 807 Aicwath‚
1557 769 1654 796 eum

143 811 432 861 Jukeleholm‚
465 817 508 853 et
543 812 658 853 ultra
691 813 916 854 Redofram
958 821 1106 854 eontra
1145 813 1389 867 aquilonem
1430 827 1564 867 usque
1601 813 1654 853 ad

141 869 324 923 primam
374 869 530 910 vallem
563 884 658 924 quae
698 871 839 912 tendit
870 876 1016 912 contra
1057 871 1262 912 orientem
1303 871 1355 911 ab
1396 871 1657 925 aquilona112

143 933 263 981 parte
297 927 485 968 ecclesiae
516 928 568 968 de
609 928 857 976 Kirkedala,
889 933 932 969 et
966 929 1067 969 inde
1103 930 1148 969 in
1178 929 1303 969 bosco
1339 942 1414 982 per
1447 933 1583 969 metas
1612 934 1656 969 et

143 985 304 1026 divisas
325 999 430 1039 quas
464 1000 539 1040 ego
570 986 863 1039 perambulavi
893 1000 991 1027 cum
1022 987 1267 1027 hominibus
1299 987 1416 1035 meis,
1438 1001 1572 1040 usque
1602 986 1656 1027 ad

143 1043 422 1097 supercilium
444 1043 570 1084 vallis
592 1043 840 1093 Suavedala‚
861 1057 957 1097 quae
977 1050 1041 1085 est
1071 1045 1184 1084 inter
1206 1044 1456 1085 Westwith³
1476 1051 1518 1085 et
1540 1058 1656 1098 mag-

143 1115 249 1141 num
285 1106 448 1141 sartum
484 1101 801 1150 monachorum,
824 1105 867 1142 et
898 1115 974 1155 per
994 1102 1242 1143 orientalem
1278 1107 1443 1155 partem
1465 1102 1656 1155 ejusdem

143 1159 248 1199 sarti
262 1163 380 1199 trans
393 1158 577 1199 mediam
591 1159 728 1212 ipsam
735 1159 892 1200 vallem
907 1173 1043 1213 usque
1056 1159 1110 1200 ad
1123 1165 1255 1200 terras
1270 1159 1406 1200 cultas
1420 1174 1495 1213 per
1507 1160 1655 1200 horam

143 1216 261 1257 bosci
282 1216 332 1257 de
364 1216 594 1257 NVestwith
625 1230 761 1270 usque
797 1217 850 1257 ad
885 1217 1112 1270 praedictas
1144 1217 1304 1258 divisas
1337 1218 1448 1258 inter
1469 1217 1656 1258 Kirkebi

143 1279 186 1315 et
209 1275 492 1315 Houetonam.
553 1273 761 1315 Praeterea
777 1275 963 1315 concessi
980 1274 1139 1315 eisdem
1160 1275 1379 1315 monachis
1401 1280 1443 1315 et
1464 1308 1471 1315 .
1495 1308 1502 1315 .
1527 1309 1534 1316 .
1557 1289 1656 1315 con—

143 1332 320 1381 firmavi,
338 1332 535 1372 similiter
551 1346 754 1372 concessu
775 1332 997 1381 Willelmi,
1011 1332 1090 1372 filii
1106 1332 1202 1381 mei,
1220 1336 1261 1373 et
1278 1332 1458 1373 aliorum
1471 1333 1657 1373 filiorum

144 1403 346 1438 meorum,
360 1390 405 1429 in
427 1422 435 1430 .
459 1423 466 1430 .
490 1423 497 1430 .
516 1394 765 1443 perpetuam
786 1389 1073 1439 elemosinam,
1086 1394 1223 1430 totam
1244 1395 1401 1431 terram
1422 1390 1474 1431 de
1495 1390 1655 1431 Welle-

145 1447 280 1489 burna
316 1461 412 1501 quae
448 1447 532 1487 fuit
560 1447 610 1488 de
642 1447 738 1500 jure
773 1461 868 1488 meo
899 1451 942 1487 et
977 1453 1291 1488 antecessorum
1325 1462 1527 1496 meorum,
1556 1462 1655 1488 cum

144 1505 342 1546 omnibus
369 1538 377 1545 .
410 1538 417 1545 .
450 1538 458 1545 .
489 1504 590 1554 scil,
621 1519 696 1558 per
728 1519 884 1558 aquam
918 1505 969 1545 de
1002 1505 1185 1546 Redofra
1213 1519 1359 1546 versus
1391 1506 1655 1546 occidentem

143 1576 168 1603 a
190 1577 310 1604 sursa
340 1576 417 1603 sua
447 1562 560 1603 sicut
590 1563 710 1603 vadit
740 1576 816 1616 per
846 1564 1190 1617 Bercugerestzm,
1226 1569 1268 1603 et
1303 1563 1413 1604 sicut
1434 1563 1656 1604 descendit

143 1634 279 1674 usque
300 1633 447 1661 versus
468 1620 754 1665 Bulefordam,
775 1628 985 1674 quantum
1007 1626 1117 1662 terra
1139 1621 1191 1662 de
1212 1621 1488 1662 Welleburna
1516 1622 1654 1670 durat,

143 1682 186 1719 et
206 1678 306 1719 inde
337 1683 548 1731 quantum
578 1684 691 1719 terra
718 1679 769 1719 de
807 1678 1083 1719 lVelleburna
1116 1679 1266 1730 durat3
1302 1684 1343 1720 et
1375 1680 1428 1719 ab
1460 1679 1653 1720 occiden-

141 1735 220 1776 tali
241 1740 360 1790 parte
381 1736 432 1776 de
453 1736 733 1777 VVelleburna
749 1736 860 1777 sicut
875 1737 1054 1790 Fragate
1074 1737 1194 1777 vadit
1210 1738 1361 1777 subtus
1375 1737 1499 1777 Lund
1521 1751 1655 1791 usque

141 1793 188 1834 in
207 1794 322 1834 viam
353 1794 405 1834 de
436 1793 777 1849 Wimbelt[ona]‚
811 1799 853 1835 et
885 1794 986 1835 inde
1023 1795 1133 1835 sicut
1165 1795 1258 1848 ipsa
1287 1795 1359 1835 via
1390 1795 1510 1835 vadit
1543 1795 1657 1835 inter

141 1851 317 1892 boscum
338 1851 390 1892 de
410 1852 673 1892 Wimbelton
694 1857 736 1893 et
757 1851 882 1892 Lund
903 1866 1038 1906 usque
1060 1852 1113 1893 ad
1135 1853 1338 1906 Tungam,
1360 1858 1403 1893 et
1423 1853 1522 1893 inde
1544 1853 1655 1894 sicut

143 1909 292 1950 divisae
327 1909 440 1950 inter
474 1909 743 1950 Wimbeltun
777 1916 819 1950 et
851 1910 1172 1951 Welleburnam
1204 1910 1390 1951 tendunt
1430 1924 1565 1964 usque
1601 1911 1655 1951 ad

142 1967 398 2020 Mapelbusc
434 1971 477 2008 et
496 1968 681 2008 Loccum
702 1973 745 2008 et
767 1968 942 2017 Slectes‚
964 1974 1006 2008 et
1027 1968 1127 2008 inde
1151 1968 1263 2008 sicut
1292 1968 1439 2008 divisae
1470 1968 1658 2009 tendunt

143 2039 278 2079 usque
299 2025 352 2065 ad
374 2025 605 2079 Langeran,
622 2031 665 2066 et
680 2025 780 2066 inde
796 2039 931 2079 usque
949 2025 1002 2066 ad
1018 2025 1255 2080 Apelgarth
1272 2039 1406 2079 usque
1424 2026 1477 2066 ad
1499 2025 1657 2067 divisas

143 2083 196 2124 de
238 2082 450 2124 Clifiand:
491 2097 543 2124 ex
569 2088 690 2137 parte
725 2083 961 2123 meridiana
992 2084 1103 2124 sicut
1124 2084 1194 2124 via
1225 2083 1346 2124 vadit
1378 2084 1490 2125 inter
1521 2084 1656 2124 Wim-

143 2140 289 2182 belton
320 2147 363 2181 et
386 2140 709 2182 Welleburnam
741 2155 876 2195 usque
905 2141 1163 2190 Midelhirst,
1185 2147 1227 2181 et
1258 2141 1310 2181 ab
1341 2141 1518 2182 australi
1539 2146 1658 2196 parte

143 2198 195 2240 de
216 2198 463 2239 Midelhirst
485 2199 595 2240 sicut
616 2198 741 2239 vallis
763 2199 919 2239 dividit
942 2199 1055 2240 inter
1077 2206 1236 2240 certam
1258 2205 1415 2240 terram
1437 2204 1479 2240 et
1500 2213 1656 2240 mares-

144 2256 274 2297 chum
306 2270 442 2311 usque
471 2256 678 2305 Stodsald,
700 2262 742 2297 et
775 2256 875 2297 inde
906 2261 1022 2298 recta
1050 2257 1164 2298 linea
1183 2271 1331 2298 versus
1360 2257 1493 2297 Holm
1522 2272 1656 2311 usque

143 2355 228 2387 wisa
245 2366 316 2387 was
331 2355 393 2387 the
408 2355 582 2397 grantor’s
595 2355 672 2387 first
683 2355 777 2394 wife,
792 2354 862 2387 and
981 2355 994 2374 ⁴-'
1017 2355 1176 2387 W'ritten
1199 2356 1407 2397 aqm'nolaui.
1467 2356 1541 2387 The
1568 2356 1657 2387 divi-

143 2399 204 2431 the
215 2399 353 2431 mother
365 2398 400 2430 of
412 2399 473 2431 the
490 2399 649 2430 william
662 2398 862 2431 mentioned

144 2442 180 2473 in
211 2442 272 2474 the
303 2441 402 2474 deed.
466 2442 538 2474 But
569 2453 614 2474 no
645 2441 772 2474 details
804 2453 862 2473 are

143 2486 248 2528 given
265 2496 302 2517 as
318 2488 356 2517 to
372 2485 434 2517 the
450 2486 552 2517 other
575 2496 655 2517 sons
678 2485 751 2517 also
767 2496 861 2516 men-

144 2529 287 2567 tioned;
311 2539 386 2567 nor,
416 2532 479 2561 out
506 2529 542 2560 of
567 2529 629 2561 the
655 2529 734 2560 four
761 2529 863 2560 other

145 2572 354 2605 Stutevilles
378 2572 457 2604 who
495 2582 554 2604 are
584 2572 794 2614 signatories
825 2575 862 2604 to

143 2616 207 2647 the
223 2619 340 2658 grant,
359 2615 389 2647 is
405 2626 474 2657 any
491 2626 556 2647 one
572 2615 810 2657 recognisable
826 2625 863 2647 as

145 2658 348 2691 mentioned
369 2659 405 2690 in
427 2659 489 2690 the
513 2659 587 2690 said
611 2659 786 2701 pedigree,
805 2670 861 2690 ex-

145 2705 272 2777 ἓῖΡὲιίἔ
283 2702 345 2777 8ἲῖ
362 2702 565 2777 0110ῗέςέὺέἕῖ
568 2713 644 2777 ‘213¹
647 2702 864 2778 {3333}ss

145 2788 290 2821 brother
305 2789 473 2822 Osmund.

189 2874 201 2894 ¹
224 2875 299 2906 The
316 2875 541 2916 uncertainty
553 2885 591 2907 as
607 2878 645 2907 to
660 2875 721 2907 the
734 2875 866 2917 precise

146 2917 290 2959 locality
307 2918 344 2950 of
363 2919 435 2951 this
459 2919 557 2961 place
580 2919 643 2950 has
665 2918 752 2950 been
771 2918 868 2950 dealt

146 2961 233 2993 with
249 2961 370 2994 above.
421 2961 484 2994 See
501 2972 534 3004 p.
551 2963 603 2994 38.

938 2398 1050 2431 sional
1096 2399 1232 2431 feature
1278 2399 1361 2431 here
1397 2399 1523 2431 named
1561 2400 1659 2442 gives

938 2453 1033 2474 some
1060 2442 1168 2485 slight
1198 2443 1337 2474 further
1367 2442 1443 2474 clue
1470 2454 1508 2474 as
1533 2445 1569 2475 to
1595 2443 1658 2474 the

939 2486 1091 2527 position
1107 2486 1143 2518 of
1159 2486 1334 2518 Houeton.

981 2530 994 2548 ³
1017 2529 1091 2561 The
1118 2529 1292 2570 difficulty
1316 2529 1416 2561 there
1440 2529 1538 2561 often
1566 2529 1595 2561 is
1622 2529 1658 2560 in

939 2572 1216 2614 distinguishing
1231 2573 1391 2604 between
1409 2578 1420 2603 t
1436 2573 1506 2604 and
1520 2573 1582 2604 cin
1599 2572 1660 2604 the

940 2615 1181 2658 handwriting
1198 2616 1234 2647 of
1249 2616 1311 2647 the
1327 2615 1410 2647 date
1427 2616 1463 2647 of
1479 2616 1553 2647 this
1570 2615 1658 2647 deed

939 2659 1055 2691 leaves
1086 2659 1116 2691 it
1138 2660 1324 2691 uncertain
1347 2659 1507 2691 whether
1531 2660 1603 2691 this
1631 2659 1660 2690 is

940 2702 1131 2735 Westwith
1156 2714 1194 2734 or
1211 2702 1417 2734 Westwich.
1464 2702 1536 2734 But
1559 2702 1661 2734 other

940 2746 1215 2778 consideratione
1231 2746 1354 2783 lessen,
1382 2746 1409 2777 if
1432 2746 1517 2786 they
1534 2745 1578 2777 do
1597 2751 1661 2776 not

942 2800 1092 2827 remove,
1112 2790 1172 2821 the
1199 2790 1435 2830 uncertainty.
1491 2789 1565 2820 The
1592 2794 1660 2820 ter-

943 2833 1111 2864 mination
1127 2833 1221 2864 -utlclc
1237 2832 1266 2864 is
1282 2832 1408 2874 hardly
1424 2834 1461 2864 to
1474 2832 1516 2863 be
1533 2831 1660 2863 looked

943 2876 998 2907 for
1010 2876 1046 2907 in
1059 2876 1119 2908 the
1136 2876 1234 2917 place
1251 2876 1286 2907 in
1298 2876 1471 2917 question,
1490 2875 1559 2906 and
1573 2875 1659 2906 -zce'tlz

944 2919 1058 2960 might
1073 2919 1115 2951 be
1139 2919 1308 2960 expected
1331 2918 1518 2960 anywhere
1542 2919 1577 2950 in
1601 2918 1663 2950 the

944 2962 1128 2994 woodland
1145 2965 1251 3004 parts.
