2033 3242
102 378 296 409 Aequittanee

103 411 136 436 os
145 411 195 436 the
205 412 304 438 Abbot

102 445 159 470 and
173 445 305 472 Convent

103 519 135 538 as
147 513 264 551 regards

104 553 121 570 a
130 549 240 571 certam

104 580 176 605 debt
187 581 282 612 owing

104 614 136 639 to
148 614 207 639 two
219 614 297 640 Jews
331 625 338 632 ·
371 625 380 634 ·

106 647 139 672 of
148 647 235 673 York.

105 1491 227 1516 Genera]
239 1491 307 1516 Bun

100 1525 140 1556 by
153 1525 229 1556 Pope

99 1558 248 1583 Honorius
262 1565 306 1585 111.

99 1591 240 1624 touching

100 1626 151 1651 the
164 1626 302 1657 payment

101 1659 134 1684 of
144 1660 229 1684 small

98 1693 198 1719 tithes.

103 2119 304 2153 Undertaking

100 2154 140 2185 by
153 2154 255 2186 Adam,

101 2187 201 2213 Abbot
216 2188 247 2213 of

102 2222 252 2252 Riemulx,

102 2255 160 2280 and
177 2256 226 2281 the
239 2255 311 2280 Con-

103 2289 174 2314 vent
186 2289 216 2314 to
229 2296 286 2321 pay

105 2323 194 2348 tithes
207 2323 238 2348 to
251 2323 301 2348 the

103 2357 216 2382 Church
230 2357 262 2382 of

326 247 408 286 200

759 252 1073 284 CARTULARIUM
1093 252 1401 283 RIEVALLENSE.

387 359 635 401 CCLXXV.
659 359 730 413 [17
738 358 800 412 21³]
823 360 951 398 Anno
972 357 1086 397 Χ1111Ο
1111 357 1229 411 regni
1250 357 1377 412 Regis
1399 357 1590 407 Henrici,
1611 357 1691 398 filii
1711 357 1840 411 Regis

327 418 355 458 J
360 417 552 466 ohannis,
566 430 705 458 coram
726 415 996 458 Justiciarios
1017 415 1047 456 J
1050 414 1428 465 udaeorum—scil.,
1444 415 1632 457 Henrico
1648 415 1700 456 de
1722 415 1840 456 Brai—

103 479 289 505 OfRievaulx
330 476 439 524 broc,
460 476 489 517 J
492 475 658 516 ohanne
685 474 738 515 de
759 473 944 522 Birkebi,
965 472 1109 526 Helya
1130 472 1182 513 de
1204 472 1410 527 Sunning‚
1431 473 1745 515 consideratum
1775 479 1840 514 est

331 533 446 588 quod
466 533 613 574 Abbas
645 535 687 573 et
718 531 965 573 Conventus
996 530 1048 571 de
1082 530 1275 571 Rievalle
1307 531 1444 584 quieti
1475 536 1577 572 sunt
1610 531 1662 572 de
1695 530 1838 572 debito

412 590 439 632 .¹
470 590 583 645 quod
605 590 715 630 Bosa
736 593 779 630 et
800 589 1033 637 Manasses,
1053 588 1197 629 Judaei
1227 588 1279 629 de
1299 588 1435 638 Ebor„
1456 589 1684 643 exigebant
1703 589 1756 630 ab
1778 588 1839 630 eis

330 648 492 690 ratione
528 647 751 701 cujusdam
785 650 908 687 terrae
943 646 990 686 in
1022 646 1212 700 Kayton,
1247 660 1377 700 quam
1411 651 1567 687 terram
1602 647 1750 688 Simon
1786 646 1839 688 de

330 706 440 747 Hale
462 706 566 747 emit
586 705 638 746 de
659 704 878 745 Willelmo
900 704 952 745 de
983 704 1141 753 Kat0n‚
1173 707 1216 744 et
1245 708 1392 758 postea
1426 704 1541 745 idem
1576 705 1724 746 Simon
1745 718 1839 745 eam

326 764 523 806 vendidit
544 763 730 804 Roberto
752 762 805 803 de
826 762 923 811 Ros,
946 766 989 803 et
1008 762 1123 802 idem
1144 761 1354 802 Robertus
1372 761 1490 803 dedit
1511 776 1604 803 eam
1624 762 1839 816 praedictis

325 822 485 862 Abbati
506 826 549 862 et
571 820 826 868 Conventui,
841 820 1004 860 intuitu
1026 819 1184 869 divino,
1201 820 1312 860 sicut
1328 833 1404 873 per
1419 820 1718 874 inquisitiones
1739 819 1839 861 inde

326 881 460 921 factas
491 912 500 921 .
532 912 540 920 .

574 879 601 920 ‚1
632 892 727 933 quae
748 881 850 919 sunt
870 878 917 918 in
944 878 1169 927 Thesauro,
1191 877 1445 927 continetur,
1467 878 1581 931 quod
1610 878 1839 932 praedictus

327 938 476 978 Simon
505 941 663 978 terram
693 936 813 977 illam
845 940 1016 986 emerat,
1041 949 1139 976 cum
1170 935 1335 976 duabus
1366 936 1559 988 partibus
1590 936 1839 985 molendini,

325 995 576 1049 priusquam
596 995 737 1035 dictus
751 993 766 1018 2
793 994 1040 1035 Willelmus
1061 993 1225 1034 dictum
1247 993 1439 1034 debitum
1471 1007 1496 1034 a
1518 993 1643 1035 dictis
1673 995 1702 1035 J
1705 994 1839 1035 udaeis

326 1056 606 1094 mutuaverat.

666 1052 723 1093 Et
753 1052 834 1093 hac
863 1051 1028 1092 ratione
1058 1051 1266 1092 recedunt
1296 1051 1434 1105 quieti
1469 1051 1615 1095 Abbas
1652 1056 1696 1093 et
1729 1052 1838 1093 Con-

323 1115 479 1152 ventus
514 1111 567 1152 de
601 1110 803 1164 praedicta
833 1109 1054 1158 demanda,
1085 1113 1128 1150 et
1157 1109 1302 1150 Judaei
1336 1109 1382 1149 in
1416 1109 1730 1150 miscericordia
1764 1123 1840 1163 pro

325 1169 431 1210 falso
463 1168 645 1210 clamore
676 1201 683 1209 .

716 1201 724 1209 .
757 1166 784 1209 ‚1
846 1168 937 1209 Ista
958 1166 1239 1209 consideratio
1270 1167 1382 1208 facta
1412 1167 1496 1207 suit
1526 1178 1607 1209 A.D.
1633 1167 1733 1208 Μῐ110
1746 1173 1840 1208 66ῐΠΟ

328 1233 475 1276 xxxfflO,
496 1226 645 1281 vigilia
666 1226 704 1267 S.
727 1226 891 1275 Jacobi,
912 1224 1121 1280 Apostoli.

595 1384 870 1426 CCLXXVI.
902 1384 984 1424 DE
1014 1383 1284 1425 MINUTES
1315 1382 1577 1424 DEOIMIS.

384 1476 602 1517 Honorius
616 1474 633 1500 3
662 1509 670 1517 .

703 1509 711 1517 .
744 1508 752 1517 .
774 1475 1104 1517 Venerabilibus
1126 1475 1340 1523 fratribus,
1357 1473 1717 1528 Archiepiscopis‚
1739 1474 1840 1528 Epi-

327 1534 477 1588 scopis,
494 1542 570 1575 etc.
615 1534 725 1584 Quia
738 1547 824 1574 non
845 1533 987 1587 privat
1007 1533 1222 1573 Dominus
1236 1532 1505 1573 ambulantes
1522 1533 1568 1572 in
1584 1532 1840 1581 innocentia,

329 1592 402 1633 sed
419 1606 562 1633 eorum
579 1592 776 1646 operibus
790 1591 1044 1632 benedicens
1066 1590 1203 1644 replet
1216 1591 1405 1644 ipsorum
1418 1590 1568 1631 horrea
1584 1591 1778 1632 ubertate
1792 1595 1842 1631 ut

329 1650 483 1691 exinde
497 1664 540 1691 se
554 1650 786 1704 profectius
801 1653 1044 1690 exercentes
1057 1648 1103 1688 in
1117 1649 1315 1701 operibus
1330 1648 1502 1701 pietatis
1516 1648 1840 1701 promissionem

329 1708 427 1749 vitae
448 1721 544 1762 quae
565 1722 680 1749 nunc
703 1712 769 1749 est
790 1713 834 1748 et
855 1707 1011 1748 futurae
1032 1720 1056 1747 a
1077 1706 1264 1747 Domino
1286 1710 1580 1760 assequantur,
1603 1710 1680 1747 etc.

325 1882 621 1924 OCLXXVH.
657 1880 851 1922 CARTA
883 1880 1061 1930 QUAM
1091 1879 1315 1928 FULCO‚4
1351 1879 1631 1920 DECANUS
1663 1880 1841 1929 EBOR„

440 1949 510 1989 ET
561 1948 706 1989 EJUS
766 1945 1165 1988 SUCOESSORES

441 2014 847 2055 RIEVALLENSI.

1224 1945 1469 1986 HABENT
1523 1946 1604 1986 DE
1666 1945 1839 1989 DOMO

387 2105 598 2146 Omnibus
621 2105 782 2146 Christi
812 2105 1011 2146 fidelibus
1032 2105 1180 2145 Frater
1209 2103 1381 2153 Adam?
1403 2103 1543 2144 dictus
1573 2103 1721 2145 Abbas
1743 2105 1842 2146 Rie-

329 2162 466 2211 vallis,
497 2196 505 2204 .

537 2196 546 2205 .
577 2196 585 2204 .
619 2163 837 2204 Noveritis
868 2177 956 2213 nos,
987 2177 1062 2217 pro
1095 2162 1238 2216 quiete
1269 2162 1435 2202 Domus
1466 2166 1632 2211 nostrae,
1664 2168 1708 2203 et
1737 2162 1842 2203 ami-

330 2221 432 2261 citia
451 2221 573 2262 Ebor.
597 2221 811 2270 Ecclesiae,
833 2221 1089 2262 concessisse
1114 2233 1191 2260 nos
1222 2219 1385 2273 integre
1416 2219 1629 2260 soluturos
1657 2220 1842 2262 decimas

330 2279 531 2319 Ecclesiae
572 2278 624 2319 de
661 2279 864 2333 Pikering
899 2279 952 2320 (16
988 2278 1186 2319 omnibus
1222 2277 1346 2318 terris
1383 2291 1488 2331 quas
1525 2277 1577 2318 de
1611 2282 1761 2319 caetero
1795 2279 1842 2319 in

328 2335 528 2389 parochia
548 2336 600 2377 (16
622 2337 837 2391 Pikering,
856 2337 925 2378 vel
946 2336 1204 2391 capellarum
1227 2349 1412 2385 suarum,
1433 2335 1720 2388 adquiremus,
1741 2335 1843 2377 licet

327 2435 396 2467 and
420 2436 519 2467 there
543 2436 572 2467 is
596 2447 641 2467 no
664 2447 787 2468 reason
810 2436 863 2468 for
887 2437 1046 2478 printing

327 2480 365 2510 it.
430 2479 528 2520 Copy
552 2480 581 2510 is
603 2479 707 2520 given
730 2480 766 2511 in
790 2479 849 2511 the
874 2480 1042 2518 Coucher,

328 2522 394 2554 No.
422 2531 643 2561 oconxxxn„
673 2523 734 2554 the
760 2522 902 2554 notable
930 2523 1045 2554 differ-

327 2576 427 2597 ences
465 2565 569 2607 being
607 2566 687 2597 that
725 2566 786 2597 the
825 2569 895 2597 two
932 2566 1044 2597 Arch-

328 2609 469 2650 bishops
485 2619 543 2640 are
555 2612 618 2640 not
629 2609 755 2640 named
771 2610 807 2640 in
824 2609 884 2641 the
896 2609 1047 2641 Furness

327 2652 517 2727 Z‘AE'Kgffl‘}
543 2652 886 2736 ἶῖζὲὺρῖῗξεέῗῗέἰῖ
905 2652 991 2727 (Ῑᾶἴῖ
1018 2653 1047 2726 ΞΞ

328 2738 434 2770 dated
455 2738 538 2770 “xii
554 2738 634 2770 Kal.
651 2738 673 2770 J
678 2739 750 2776 ulii,
771 2738 900 2771 Pontis.
920 2739 1043 2777 nostri,

327 2783 430 2813 Anno
446 2782 512 2813 vito
526 2781 545 2795 ’³
561 2782 613 2821 (21
632 2781 719 2822 July
738 2782 845 2820 1221).

373 2824 382 2843 ¹
405 2825 466 2856 All
482 2825 579 2857 these
595 2825 711 2866 places
727 2836 784 2856 are
801 2824 865 2856 left
880 2824 998 2856 blank.

372 2868 383 2887 2
407 2868 556 2900 Dictum.

371 2910 383 2928 ²
406 2912 565 2943 Another
599 2911 748 2942 Genera]
778 2911 870 2949 Bull,
904 2909 1046 2952 printed

1121 2445 1159 2466 as
1190 2433 1256 2466 No.
1292 2442 1482 2465 CCCLxxxr.
1518 2434 1554 2465 in
1593 2434 1654 2466 the
1690 2434 1843 2467 Furness

1121 2477 1315 2509 collection.
1386 2477 1422 2508 It
1467 2477 1497 2508 is
1540 2477 1576 2508 of
1619 2488 1665 2510 no
1701 2479 1843 2520 general

1121 2521 1270 2552 interest
1320 2519 1512 2559 whatever,
1562 2531 1650 2552 even
1701 2521 1730 2554 if
1780 2525 1843 2554 not

1122 2564 1266 2604 already
1281 2563 1424 2604 printed
1441 2574 1525 2595 once
1548 2564 1617 2595 and
1644 2565 1756 2607 again.
1805 2565 1843 2597 It

1122 2608 1152 2638 is
1182 2606 1289 2638 dated
1320 2606 1390 2637 “vi
1421 2606 1506 2638 Idus
1532 2607 1678 2649 Aprilis,
1707 2608 1838 2641 Pontis.

1123 2650 1235 2682 nostri
1250 2650 1355 2681 Anno
1372 2648 1456 2681 vss⁰.”

1166 2692 1179 2712 4
1201 2693 1307 2724 Falco
1338 2692 1462 2724 Basset
1499 2692 1640 2725 became
1676 2693 1775 2725 Dean
1805 2695 1842 2726 in

1124 2737 1218 2774 1239,
1233 2735 1302 2767 and
1316 2746 1386 2767 was
1399 2735 1499 2767 made
1510 2736 1640 2778 Bishop
1651 2736 1687 2768 of
1697 2737 1842 2769 London

1123 2781 1159 2811 in
1177 2780 1270 2810 1242.

1165 2822 1178 2841 ⁵
1200 2822 1316 2853 Adam
1339 2821 1382 2852 de
1406 2821 1557 2860 Tilletai,
1585 2822 1638 2854 for
1661 2823 1775 2854 whom
1799 2835 1844 2855 no

1123 2865 1224 2897 other
1251 2865 1333 2896 date
1360 2864 1495 2896 besides
1524 2865 1596 2897 this
1619 2865 1655 2898 of
1679 2867 1763 2899 1240
1779 2867 1842 2899 has

1122 2919 1160 2940 as
1176 2911 1238 2950 yet
1252 2908 1339 2939 been
1355 2911 1428 2940 met
1443 2908 1541 2941 with.
