2033 3242
784 330 1012 361 APPENDIX.
1577 322 1658 358 405

204 443 264 480 83.
298 440 468 493 [Placita
495 440 613 479 Ebor.
645 440 694 478 N.
721 441 754 477 1.
790 441 861 478 7-2.
922 441 944 477 8
975 438 1054 477 and
1085 440 1107 476 9
1137 437 1248 477 Edw.
1278 448 1304 475 Ι.
1334 436 1486 490 [ΗΞ]
1518 437 1544 475 f.
1580 436 1661 489 2Ο.]

147 495 286 534 Α55156
312 494 425 533 venit
452 494 707 545 recognitura
735 493 767 531 si
788 493 1025 540 Willelmus,
1048 492 1166 531 Prior
1193 492 1243 530 (16
1264 491 1498 538 Kirkeham,
1522 490 1663 529 Frater

145 549 174 587 J
178 549 353 587 ohannes
391 548 440 586 de
478 548 675 598 VVlveley,
716 547 942 585 Willelmus
986 547 1136 597 Spung,
1176 546 1351 584 Thomas
1389 545 1425 584 le
1463 544 1496 582 F
1498 548 1661 591 orester,

148 603 297 654 injuste
317 607 388 640 etc.
408 602 609 640 Abbatem
622 602 672 640 de
684 600 840 639 Rivalle
855 600 904 639 de
921 613 1133 639 communa
1151 605 1324 651 pasturae
1343 599 1385 637 in
1406 598 1660 649 Byldesdale,

147 670 237 707 quae
256 656 433 707 pertinet
451 655 502 693 ad
521 655 692 694 liberum
715 660 990 694 tenementum
1019 667 1135 692 suum
1163 654 1205 692 in
1235 653 1375 692 eadem
1394 653 1502 700 villa,
1525 657 1597 691 etc.
1621 659 1662 690 et

149 710 255 749 unde
275 710 456 761 queritur
475 709 582 760 quod
601 709 904 748 disseisiverunt
923 722 1013 747 eum
1032 708 1082 747 de
1101 721 1314 747 communa
1331 712 1504 758 pasturae
1520 720 1600 744 suae
1620 706 1662 744 in

148 778 230 803 11116
249 764 384 813 placea
402 769 519 802 terrae
539 776 626 814 quae
647 763 826 801 continet
845 762 1002 801 circiter
1022 762 1120 800 duas
1144 775 1252 800 acras
1273 762 1417 812 quibus
1446 760 1662 800 communi-

149 819 258 857 care1
283 817 437 857 solebat
465 831 554 855 cum
583 816 821 855 omnimodis
851 816 993 854 averiis
1022 816 1103 854 suis
1131 829 1203 866 per
1230 821 1362 854 totum
1391 828 1551 862 annum,
1585 818 1655 853 616.

149 872 203 911 Ε1
230 872 364 910 nullus
393 884 531 910 eorum
556 871 669 909 venit
697 876 842 921 praeter
861 870 888 908 J
891 870 1088 908 ohannem
1108 869 1157 908 de
1176 869 1377 920 Everley‚1
1398 869 1468 920 qui
1487 868 1601 907 venit
1620 873 1661 906 et

149 926 365 976 respondet
392 939 466 976 pro
494 938 535 963 se
564 930 605 963 et
633 925 816 963 omnibus
845 924 943 962 aliis.
1000 923 1054 962 Et
1087 923 1186 962 dicit
1219 923 1325 974 quod
1358 924 1481 961 assisa
1512 921 1544 975 [2
1561 921 1660 974 non]

151 980 271 1019 debet
304 979 398 1018 inde
432 979 527 1026 fieri,
568 979 662 1029 quia
698 978 797 1016 dicit
829 978 936 1028 quod
969 977 1183 1028 praedictus
1221 977 1338 1016 Prior
1376 982 1437 1015 est
1476 976 1659 1027 capitalis

150 1034 349 1072 Dominus
368 1033 417 1072 de
438 1033 534 1071 villa
553 1032 602 1071 de
622 1031 860 1080 Bildesdale‚
882 1038 922 1070 61
943 1031 1051 1082 quod
1078 1031 1163 1082 ipse
1191 1031 1465 1082 appropriavit
1490 1030 1540 1069 de
1567 1043 1661 1081 prae-

151 1088 259 1126 dicta
287 1087 432 1138 placea,
455 1087 558 1125 sicut
586 1087 622 1125 ei
651 1087 752 1125 bene
780 1086 894 1124 licuit
922 1099 994 1136 per
1011 1085 1278 1136 provisionem
1308 1085 1358 1123 de
1378 1084 1566 1123 Mertona
1586 1089 1658 1122 616.

151 1142 203 1180 Ε1
218 1142 355 1180 Abbas
370 1141 469 1179 dicit
487 1140 594 1191 quod
616 1140 806 1190 praedicta
824 1140 998 1190 provisio
1017 1153 1097 1177 non
1116 1140 1223 1191 jacet
1242 1140 1348 1177 inter
1363 1152 1440 1186 eos,
1456 1138 1550 1188 quia
1564 1137 1661 1176 dicit

149 1195 258 1246 quod
287 1208 368 1234 non
396 1195 475 1233 fuit
508 1195 686 1233 seissitus
715 1194 764 1232 de
791 1193 982 1244 praedicta
1009 1206 1221 1232 communa
1249 1192 1518 1244 quadraginta
1546 1191 1662 1230 annis

150 1256 365 1300 antequam
386 1248 598 1300 praedictus
618 1247 734 1286 Prior
749 1247 973 1286 dominium
993 1247 1172 1297 ejusdem
1187 1247 1293 1285 villae
1313 1246 1576 1298 perquisierat
1590 1260 1600 1293 3
1620 1251 1661 1284 61

149 1304 258 1354 quod
278 1303 491 1354 praedictus
511 1302 626 1341 Prior
644 1301 882 1352 perquisivit
910 1301 1145 1352 praedictum
1173 1300 1397 1339 dominium
1418 1300 1467 1338 de
1487 1299 1660 1350 quodam

151 1358 313 1396 Simone
333 1356 382 1395 de
403 1357 495 1402 Ver,
513 1356 599 1407 jam
619 1355 796 1406 quinque
816 1356 932 1393 annis
952 1354 1096 1406 elapsis
1118 1354 1260 1408 [blank]
1281 1354 1393 1393 Dicit
1413 1354 1533 1392 etiam
1554 1353 1662 1404 quod

150 1412 234 1462 ipse
250 1416 363 1449 tenet
381 1410 422 1448 in
442 1410 607 1449 liberam
624 1409 890 1456 elemosinam,
909 1415 950 1447 et
965 1408 1072 1459 quod
1092 1409 1177 1461 ipse
1196 1422 1279 1448 non
1296 1407 1390 1462 [est]
1408 1414 1548 1447 tenens
1567 1420 1663 1458 prae-

149 1465 247 1504 dicti
266 1464 417 1504 Prioris
436 1464 486 1503 de
505 1463 695 1515 praedicta
715 1463 942 1502 elemosina.

206 1575 268 1613 84.
302 1571 479 1625 [Dodsw.
511 1572 535 1610 i.
572 1571 683 1609 1221).
742 1571 862 1609 Anno
896 1570 966 1608 vii⁰
1001 1569 1128 1623 [Edw.
1166 1569 1224 1622 1.],
1261 1576 1301 1607 et
1334 1574 1473 1620 postea
1502 1569 1555 1608 Α0
1578 1569 1664 1608 viii0

153 1625 326 1680 [l2}{}]
372 1626 487 1665 Inter
505 1626 706 1664 Abbatem
736 1625 785 1663 de
815 1624 1005 1671 Rievalle,
1035 1630 1281 1675 querentem,
1304 1637 1374 1674 per
1394 1623 1589 1662 Thomam
1615 1623 1665 1661 de

152 1682 295 1729 Leeke,
317 1680 493 1731 positum
523 1710 531 1718 .
565 1710 572 1718 .
605 1710 612 1718 .
645 1684 686 1717 et
705 1679 929 1717 Robertum
950 1679 1078 1717 filium
1098 1678 1242 1717 Jacobi
1262 1678 1311 1716 de
1331 1677 1514 1726 Bulford,
1537 1677 1667 1716 defor-

152 1735 336 1779 ciantem,
366 1733 417 1773 de
445 1747 525 1772 11110
559 1733 792 1783 messuagio,
825 1738 914 1772 octo
944 1733 1068 1780 tostis,
1100 1733 1155 1771 vii
1184 1731 1341 1771 bovatis
1372 1737 1501 1779 terrae,
1537 1731 1665 1769 tribus

151 1789 252 1827 acris
280 1788 396 1839 prati,
420 1793 461 1827 et
480 1801 521 1826 cc
541 1787 641 1826 acris
670 1800 803 1834 morae,
829 1787 871 1825 in
898 1786 1119 1834 Bulfordia,
1142 1786 1249 1824 unde
1278 1785 1470 1836 placitum
1499 1798 1667 1824 conven—

152 1842 273 1882 tionis
302 1842 591 1881 summonitum
625 1841 705 1879 fuit
743 1846 816 1880 etc.
894 1840 946 1878 Et
980 1840 1277 1879 consideratum
1311 1839 1418 1890 quod
1451 1838 1666 1889 praedictus

153 1897 354 1936 Robertus
382 1895 616 1947 recognovit
648 1894 756 1945 quod
790 1894 982 1946 praedicta
1015 1899 1246 1933 tenementa
1283 1899 1416 1932 essent
1444 1894 1508 1944 jus
1542 1893 1666 1944 ipsius

153 1950 267 2004 [423]
301 1950 473 1989 Abbatis
505 1955 546 1988 61
578 1949 764 1988 Ecclesiae
797 1961 878 1986 suae
910 1948 954 1987 B.
986 1948 1126 1986 Mariae
1156 1948 1220 1986 die
1249 1947 1439 1995 Rievalle,
1463 1952 1504 1985 et
1532 1948 1568 1985 ei
1597 1946 1667 1985 illa

154 2004 331 2044 reddidit
364 2010 450 2052 etc.‚
486 2002 684 2042 Habenda
713 2033 720 2041 .
753 2033 761 2041 .
794 2033 802 2040 .
835 2001 965 2040 eidem
993 2002 1144 2041 Abbati
1178 2007 1219 2040 et
1256 2001 1547 2040 successoribus
1586 2001 1666 2039 suis

154 2065 196 2097 et
223 2058 407 2097 Ecclesiae
436 2071 516 2096 suae
546 2057 747 2108 praedictae
778 2061 851 2094 etc.
924 2056 1066 2106 Itaque
1093 2056 1223 2094 dictus
1250 2061 1338 2102 etc.‚
1368 2056 1664 2106 imperpetuum

153 2121 227 2152 616.
285 2112 340 2151 Ε1
358 2112 440 2150 haec
461 2111 671 2150 concordia
691 2111 796 2148 facta
815 2110 895 2148 fuit
914 2123 985 2161 per
1004 2115 1248 2161 praeceptum
1270 2109 1434 2148 Domini
1455 2108 1586 2159 Regis.

212 2222 274 2259 35.
306 2219 460 2258 Placita
488 2218 537 2257 de
567 2218 654 2266 Quo
677 2217 894 2256 WVarranto
923 2217 964 2255 in
995 2217 1157 2256 Octabis
1186 2217 1224 2256 S.
1258 2217 1430 2264 Hillarii,
1458 2219 1481 2255 8
1504 2216 1616 2255 Edw.
1640 2227 1666 2255 Ι.

157 2272 309 2327 [1280]
368 2272 607 2325 [Yorkshire
626 2272 765 2310 Assize
782 2271 884 2318 3011,
903 2271 953 2309 N.
980 2274 1012 2310 1.
1038 2271 1159 2324 21-1.]
1218 2271 1260 2324 [f.
1282 2270 1342 2324 5¹³]
1364 2272 1500 2310 Abbas
1520 2271 1570 2309 de
1590 2270 1668 2320 Ry-

156 2328 259 2367 valle
288 2326 554 2365 summonitus
583 2326 661 2364 fuit
689 2325 740 2363 ad
768 2325 1092 2376 respondendum
1112 2325 1288 2364 Domino
1308 2325 1409 2376 Regi
1442 2325 1492 2364 de
1522 2324 1668 2375 placito

156 2382 244 2431 Quo
264 2380 480 2419 WVarranto
500 2380 645 2419 clamat
663 2379 808 2418 habere
827 2379 992 2417 liberam
1007 2393 1234 2418 warennam
1255 2384 1327 2418 etc.
1353 2378 1411 2432 [as
1430 2380 1471 2417 in
1490 2379 1567 2417 No.
1587 2378 1665 2430 78].

213 2491 276 2528 86.
308 2488 453 2541 [Ρ6(165
481 2487 651 2525 Finium.
711 2487 828 2525 Ebor.
862 2489 925 2524 4-8
946 2487 1055 2525 Edw.
1080 2498 1105 2526 Ι.
1130 2487 1285 2540 [1280]
1306 2487 1381 2525 No.
1408 2486 1514 2539 158]
1572 2486 1669 2524 Haec

157 2549 219 2582 est
247 2574 254 2582 .
288 2573 295 2581 .
331 2574 337 2581 .
369 2541 476 2592 apud
505 2541 636 2588 Ebor.‚
658 2541 699 2578 in
720 2540 896 2579 Octabus
916 2541 954 2579 S.
977 2541 1003 2579 J
1007 2541 1175 2580 ohannis
1198 2541 1403 2592 Baptistae,
1424 2541 1472 2579 A.
1496 2554 1525 2578 r.
1548 2540 1670 2591 Regis

159 2596 357 2643 Edwardi,
375 2595 446 2633 filii
462 2594 638 2642 Henrici,
656 2600 806 2642 octavo,
825 2594 970 2633 Coram
989 2594 1016 2633 J
1020 2595 1177 2634 ohanne
1192 2595 1241 2634 de
1256 2595 1452 2641 Vallibus,
1466 2593 1670 2632 Willelmo

159 2652 209 2690 de
231 2650 388 2697 Saham,
410 2649 568 2700 Rogero
596 2648 798 2699 Loveday,
821 2648 848 2687 J
851 2648 1007 2687 ohanne
1040 2649 1090 2688 de
1119 2649 1384 2700 Mefiugham,
1406 2654 1447 2686 et
1474 2647 1670 2698 Magistro

158 2705 314 2743 Thoma
332 2703 381 2742 de
403 2703 622 2741 Sutdinton
652 2733 659 2741 .
691 2734 698 2741 .
731 2732 740 2740 .
772 2702 886 2741 Inter
899 2703 1094 2741 Thomam
1110 2704 1159 2742 de
1176 2704 1378 2754 Uckerby‚
1395 2707 1610 2752 petentem,
1629 2707 1670 2739 et

159 2757 417 2805 Willelmum,
435 2756 636 2795 Abbatem
655 2755 706 2794 (16
725 2756 904 2807 Ryvalle,
923 2762 1139 2805 tenentem,
1158 2771 1228 2809 per
1244 2758 1426 2795 Fratrem
1442 2756 1468 2794 J
1472 2756 1669 2794 ohannem

160 2813 209 2851 de
230 2812 397 2860 3656116,
418 2809 695 2863 11101166[11]11111
723 2823 850 2858 51111111,
872 2810 1048 2861 positum
1080 2843 1088 2850 .
1125 2843 1132 2851 .
1170 2842 1177 2850 .
1216 2811 1265 2850 de
1294 2810 1461 2849 dimidia
1489 2813 1672 2847 carucata

160 2873 276 2905 terrae
307 2896 314 2904 .
347 2896 354 2904 .
387 2896 395 2904 .
426 2864 468 2902 in
494 2863 784 2915 Welleberghe,
815 2864 923 2903 unde
956 2866 1078 2904 assisa
1111 2866 1251 2904 mortis
1280 2864 1541 2903 antecessoris
1570 2876 1672 2901 sum-

161 2920 314 2960 monita
346 2918 424 2957 fuit
457 2917 682 2965 etc—scil,
714 2917 822 2968 quod
860 2918 1073 2970 praedictus
1102 2919 1276 2958 Thomas
1309 2917 1541 2969 recognovit
1578 2930 1672 2967 prae-

644 2987 654 3006 ¹
681 2988 838 3019 KVritten
863 2989 1009 3030 Wlueley
1025 2989 1144 3021 above.
