2033 3242
331 399 399 431 No.

271 454 417 484 CXCIII.

162 614 255 671 [21]
277 626 416 657 CXCIV,

296 799 417 830 CXCV.

276 915 419 947 CXCVI.

262 973 420 1004 CXCVII.

241 1147 416 1177 CXCVIII.

271 1262 412 1293 CXCIX.

355 1320 415 1350 CC.

336 1378 415 1408 CCI.

318 1493 413 1524 CCII.

136 1666 421 1697 CCIII.·CCXIII.

137 1713 249 1768 [21¹³]
277 1724 417 1755 ccxiv.

296 1783 418 1813 ccxv.

282 1841 421 1871 CCXVI.

258 1956 415 1987 CCXVII.

244 2014 418 2045 CCXVIII.

275 2130 419 2161 CCXIX.

296 2188 420 2218 CCXX.

279 2246 420 2277 CCXXI.

261 2420 419 2451 CCXXII.

246 2536 422 2567 CCXXIII.

251 2652 423 2683 CCXXIV.

272 2710 424 2740 CCXXV.

253 2768 425 2798 CCXXVI.

234 2883 420 2914 CCXXVII.

561 294 875 325 CARTULARIUM
907 294 1215 325 RIEVALLENSE.
1600 289 1617 325 1
1630 289 1652 325 3

452 442 729 484 Confirmatio
765 442 920 497 Rogeri
961 442 1288 496 Archiepiscopi
1330 442 1383 484 de
1424 443 1654 487 donatione

519 500 727 541 Bernardi
777 500 829 541 de
880 500 1002 541 Baiol
1044 500 1096 541 de
1137 500 1339 541 Tesedale
1380 506 1422 542 et
1471 501 1654 544 Wester-

517 558 624 599 dale.

449 615 684 656 Attestatio
706 615 950 669 Engelrami
971 616 1136 657 Decani
1157 621 1200 656 et
1223 616 1413 669 Capituli
1429 617 1481 657 de
1503 617 1654 659 Ridale

519 674 570 714 de
619 674 858 727 quietantia
908 679 1031 715 terrae
1086 687 1216 727 quam
1268 674 1410 715 tenuit
1461 675 1653 716 Sunnive

518 745 626 772 uxor
647 731 863 772 Lamberti
884 732 930 771 in
953 732 1167 772 Houeton.

452 788 537 843 [No
577 793 695 842 entry
708 803 724 839 ;
767 790 865 843 only
905 790 969 830 the
1010 790 1090 830 last
1131 790 1215 830 line
1255 791 1306 844 of
1334 790 1398 830 the
1432 791 1652 844 preceding

518 847 723 900 number]

452 905 579 946 Carta
602 904 793 958 Capituli
815 905 854 946 S.
877 905 1104 946 Cuthberti
1119 905 1321 946 Dunelm.

455 963 731 1004 Confirmatio
755 963 927 1003 Cisterc.
950 963 1134 1003 Abbatis
1156 967 1198 1004 et
1231 963 1569 1005 Clarewallensis
1601 964 1652 1005 de

515 1034 620 1074 pace
650 1021 877 1061 reformata
907 1021 1021 1061 inter
1050 1034 1128 1062 nos
1159 1025 1202 1061 et
1233 1021 1384 1062 fratres
1413 1026 1579 1063 nostros
1600 1021 1652 1063 de

517 1078 736 1119 Fontibus.

450 1136 725 1177 Confirmatio
758 1135 941 1176 Abbatis
978 1141 1020 1177 et
1054 1136 1245 1190 Capituli
1280 1136 1332 1177 de
1369 1136 1558 1190 Begland
1601 1138 1652 1178 de

528 1194 702 1235 decimis
725 1193 777 1234 de
799 1193 1012 1234 Scaletun.

449 1252 774 1305 Cyrographum
796 1252 912 1304 pacis
934 1252 1048 1292 iuter
1069 1265 1145 1292 nos
1168 1256 1211 1292 et
1234 1251 1552 1293 Bellandenses.

450 1310 579 1350 Carta
599 1310 650 1350 de
672 1310 830 1349 fossato
852 1309 1003 1350 subtus
1025 1309 1282 1350 Eskeberch.

447 1367 703 1407 Adhortatio
717 1367 939 1407 Abbatum
957 1367 1250 1408 Cisterciensis
1268 1372 1311 1408 et
1326 1367 1651 1409 Clarevallensis

514 1425 567 1465 ad
588 1438 665 1465 nos
687 1429 730 1465 et
751 1424 804 1465 ad
827 1424 1132 1466 Bellandenses
1154 1425 1325 1466 directa.

448 1482 769 1536 Cyrographum
818 1482 933 1523 inter
975 1483 1276 1524 Cistercienses
1318 1487 1360 1524 et
1412 1483 1651 1538 Sempling-

515 1541 749 1581 hamenses.

457 1598 560 1652 [The
581 1599 820 1639 remainder
839 1599 890 1652 of
904 1599 968 1639 the
981 1598 1092 1652 folio
1113 1599 1151 1639 is
1171 1598 1329 1652 blank]

455 1657 571 1709 [Left
591 1656 747 1710 blank]

450 1714 729 1768 Privilegium
750 1714 989 1755 Alexandri
1010 1714 1137 1768 Papae
1159 1727 1221 1755 111.
1245 1715 1297 1755 de
1320 1714 1523 1755 Rievalle.

450 1772 518 1812 De
539 1772 860 1813 confirmatione
882 1773 997 1825 pacti
1019 1773 1285 1825 quarundam
1307 1772 1579 1813 decimarum.

454 1830 521 1870 De
556 1829 748 1871 Jordano
789 1830 841 1871 de
884 1831 1036 1871 Bussei
1072 1835 1115 1870 et
1150 1830 1290 1871 Adam
1331 1830 1418 1870 filio
1460 1831 1576 1871 Petri
1607 1836 1650 1871 et

514 1888 783 1941 quorundam
804 1888 982 1929 aliorum
1006 1888 1126 1928 dono.

447 1946 515 1986 De
535 1947 697 2000 injusta
717 1951 926 1987 terrarum
949 1946 1169 1987 evictione.

451 2004 615 2057 Rogero
647 2004 768 2045 Ebor.
803 2004 1131 2058 Archiepiscopo
1163 2008 1205 2044 et
1237 2004 1414 2058 Hugoni
1450 2003 1651 2044 Dunelm.

513 2062 733 2115 EpiscopO.

453 2120 519 2160 De
541 2120 880 2173 possessionibus
903 2123 945 2160 et
961 2119 1148 2173 pasturis
1171 2119 1389 2160 Rievallis.

453 2178 520 2218 Ad
543 2178 757 2232 Rogerum
777 2178 1162 2231 Archiepiscopum
1185 2177 1235 2218 de
1257 2177 1458 2218 Rievalle.

453 2236 628 2276 Litterae
674 2236 853 2276 Domini
903 2236 1030 2289 Papae
1072 2235 1244 2276 directae
1289 2235 1451 2289 Rogero
1501 2235 1653 2276 Archi—

517 2294 715 2347 episcopo
783 2294 834 2334 de
895 2293 1070 2334 decimis
1132 2293 1321 2334 ecclesiae
1382 2293 1434 2334 de
1493 2293 1653 2334 Welle—

514 2352 625 2405 berg.

452 2409 624 2450 Litterae
646 2409 824 2450 Domini
845 2410 972 2463 Papae
993 2409 1203 2463 Episcopo
1225 2409 1427 2450 Dunelm.
1451 2413 1494 2449 et
1518 2408 1651 2449 Priori

515 2467 686 2508 directae
707 2467 759 2508 de
781 2467 957 2508 decimis
979 2467 1031 2508 de
1054 2467 1219 2508 Cotum.

454 2526 520 2566 De
562 2525 620 2565 eis
662 2525 737 2579 qui
777 2539 929 2565 manus
969 2525 1015 2565 in
1065 2525 1294 2565 monachos
1336 2530 1379 2565 et
1429 2538 1653 2565 conversos

517 2583 731 2636 injiciunt.

455 2641 522 2682 De
543 2641 862 2682 confirmatione
884 2641 999 2694 pacti
1021 2640 1288 2694 quarundam
1309 2640 1579 2681 decimarum.

457 2700 523 2739 De
544 2699 763 2739 monachis
785 2703 827 2739 et
850 2699 1063 2740 conversis
1085 2698 1291 2752 fugitivis.

458 2757 524 2797 De
557 2757 728 2810 justitia
764 2756 959 2797 facienda
994 2770 1069 2810 pro
1102 2756 1273 2809 injuriis
1309 2754 1654 2797 Rievallensibus

521 2814 664 2855 illatis.

454 2873 617 2926 Rogero
668 2871 925 2912 Eboracensi
983 2871 1316 2926 Archiepiscopo
1368 2870 1419 2911 de
1480 2870 1655 2911 decimis

521 2930 824 2971 monachorum
846 2943 931 2970 non
953 2929 1159 2983 petendis.
