2033 3242
359 298 439 336 392
792 307 1104 338 GARTULARIUM
1125 308 1427 339 MEVALLENSE.

412 412 473 449 63.
521 410 683 464 [Coram
713 412 831 463 Rege.
892 411 1016 449 Henr.
1053 421 1113 449 ΙΙΙ.
1150 411 1226 450 No.
1259 414 1321 460 55,
1352 426 1402 452 m.
1438 415 1496 452 11.
1556 414 1605 452 In
1634 414 1797 453 Octabis
1826 414 1865 453 S.

357 463 578 514 Michaelis,
612 468 661 504 26
684 466 806 504 Henr.
839 475 899 504 ΙΙΙ.
934 463 1107 518 [1242].]
1165 465 1506 505 Ebor.—Hawisa
1536 481 1622 517 quae
1652 469 1731 507 fuit
1763 482 1866 507 uxor

361 518 551 558 Willelmi
598 520 648 559 de
688 520 879 570 Kaytona
926 519 1029 569 petit
1067 518 1240 573 [versus]
1278 519 1480 559 Abbatem
1518 521 1567 560 de
1606 522 1866 573 Ryevallibus

356 574 518 612 tertiam
538 582 693 624 partem
714 587 785 612 sex
805 574 1043 611 bovatarum
1070 579 1111 611 et
1125 573 1168 611 xi
1196 587 1376 612 acrarum
1405 581 1530 623 terrae,
1554 577 1729 627 quinque
1750 577 1867 615 croft-

355 639 480 675 orum,
521 628 640 666 unius
666 627 871 677 mesuagii,
899 626 1072 665 duarum
1100 641 1281 666 acrarum
1311 629 1426 679 prati,
1459 634 1500 667 et
1527 631 1688 668 tertiam
1712 636 1867 682 partem

355 680 526 719 duarum
557 681 731 732 partium
759 681 879 719 unius
912 681 1134 719 molendini
1166 711 1174 719 .
1219 713 1227 721 .
1273 713 1281 721 .
1328 683 1370 720 in
1399 683 1604 734 Kaytona,
1636 690 1677 723 et
1706 685 1865 723 tertiam

354 743 509 786 partem
548 736 736 774 undecim
776 735 996 774 solidorum
1034 736 1216 774 redditus
1257 766 1265 774 .
1313 766 1321 774 .
1365 767 1372 774 .
1417 737 1459 774 in
1494 737 1778 787 Ledbrestona,
1818 744 1866 777 ut

354 789 491 827 dotem
512 803 638 837 suum,
662 795 732 828 etc.
794 789 846 827 Et
865 789 1015 837 Abbas,
1037 803 1108 840 per
1135 794 1386 829 attornatum
1406 804 1534 838 suum,
1558 792 1668 830 venit
1694 798 1734 831 et
1764 793 1866 844 petit

355 843 440 894 [ut]
462 843 554 882 inde
574 845 706 882 visum
726 843 882 882 habeat.
941 843 1038 882 Dies
1066 844 1185 882 datus
1207 849 1267 882 est
1288 845 1343 883 eis
1371 859 1393 883 a
1416 845 1480 883 die
1501 845 1538 883 S.
1562 845 1722 884 Hillarii
1751 847 1793 885 in
1822 847 1865 885 xi

353 896 450 936 dies.
527 898 580 936 Et
616 898 779 936 interim
817 902 890 936 etc.
967 897 1120 936 Eadem
1159 898 1323 936 Hawisa
1371 900 1474 950 petit
1510 913 1648 937 versus
1695 901 1866 939 eundem

355 950 554 990 Abbatem
574 958 728 1003 septem
747 965 857 990 acras
883 956 999 990 terrae
1028 982 1037 991 .
1072 983 1080 991 .
1111 983 1119 992 .
1146 952 1188 990 in
1210 952 1379 1000 Collum,
1402 959 1448 991 ut
1467 953 1531 1004 jus
1552 960 1592 992 et
1613 955 1866 1006 maritagium

352 1017 479 1053 suum,
506 1019 577 1056 per
597 1007 716 1045 breve
737 1006 786 1044 de
806 1006 999 1056 ingressu,
1020 1011 1095 1045 etc.
1152 1006 1206 1044 Et
1224 1006 1363 1045 Abbas
1382 1021 1454 1057 per
1472 1013 1722 1046 attornatum
1736 1021 1864 1056 suum,

353 1064 426 1098 etc.
450 1058 509 1112 [as
529 1060 672 1114 before}

407 1177 470 1215 64.
503 1175 619 1229 [Feet
647 1176 689 1215 of
717 1177 848 1216 Fines.
911 1178 1030 1215 25-30
1061 1176 1184 1215 Henr.
1213 1187 1274 1216 ΙΙΙ.
1308 1176 1462 1230 [1243],
1494 1177 1568 1216 No.
1603 1176 1713 1230 412]
1770 1178 1866 1217 Haec

352 1234 414 1268 est
443 1260 451 1268 .
483 1261 490 1269 .
524 1261 531 1269 .
565 1230 671 1281 apud
709 1231 891 1278 Westm.‚
924 1245 946 1269 a
983 1231 1048 1269 die
1086 1231 1249 1269 Paschae
1287 1231 1329 1269 in
1368 1245 1493 1270 unum
1532 1245 1720 1279 mensem,
1760 1232 1815 1271 ΑΟ
1833 1246 1864 1271 r.

353 1284 474 1335 Regis
505 1284 628 1324 Henr.
653 1295 713 1323 ΙΙΙ.
738 1286 926 1324 vicesimo
955 1285 1137 1335 septimo,
1162 1285 1306 1324 Coram
1333 1286 1511 1324 Roberto
1543 1286 1592 1324 de
1624 1286 1863 1335 Lexintona‚

352 1338 510 1389 Rogero
531 1338 580 1377 de
600 1337 846 1389 Thurkelby,
868 1339 1031 1378 Jollano
1052 1339 1100 1377 (16
1131 1340 1288 1378 Neville
1310 1345 1351 1378 et
1371 1340 1555 1379 Gilberto
1579 1340 1627 1378 de
1658 1341 1864 1389 Prestona,

351 1392 594 1430 Justiciariis
629 1422 637 1431 .
676 1424 683 1432 .
722 1424 729 1432 .
765 1394 877 1432 Inter
916 1394 1147 1441 Hawisiam,
1189 1407 1277 1444 quae
1315 1393 1394 1432 fuit
1440 1407 1543 1432 uxor
1580 1394 1774 1433 Willelmi
1816 1395 1866 1434 de

353 1446 555 1496 Kaytona,
579 1452 795 1497 petentem,
819 1452 860 1486 et
888 1448 1030 1495 Adam,
1054 1448 1255 1486 Abbatem
1285 1448 1334 1486 de
1365 1448 1532 1496 Rivalle,
1556 1454 1772 1497 tenentem,
1797 1463 1867 1500 per

352 1500 617 1539 Laurentium
637 1501 686 1540 de
707 1501 878 1548 Semere,
903 1502 1078 1552 positum
1099 1533 1107 1540 .
1132 1534 1138 1541 .
1163 1532 1169 1539 .
1193 1502 1243 1540 de
1264 1502 1385 1540 tertia
1404 1510 1517 1552 parte
1539 1516 1608 1541 sex
1630 1504 1864 1541 bovatarum

352 1559 392 1592 et
413 1554 456 1592 xi
476 1568 656 1593 acrarum
675 1561 803 1603 terree,
821 1569 846 1593 v
866 1556 1062 1593 toftorum
1083 1561 1123 1594 et
1144 1569 1168 1593 v
1189 1556 1420 1603 croftorum,
1439 1558 1451 1594 i
1472 1557 1675 1607 mesuagii,
1695 1557 1864 1595 duarum

351 1621 531 1646 acrarum
552 1609 669 1660 prati,
692 1615 732 1648 et
752 1609 921 1647 duarum
944 1610 1118 1659 partium
1139 1610 1151 1647 i
1171 1610 1392 1648 molendini
1422 1641 1429 1648 .
1461 1642 1468 1649 .
1503 1642 1510 1650 .
1543 1611 1583 1648 in
1606 1611 1808 1661 Kaytona,
1824 1617 1866 1650 et

350 1662 400 1701 de
420 1663 544 1701 tertia
563 1668 675 1713 parte
695 1663 880 1702 undecim
901 1663 1161 1702 solidatarum
1189 1664 1372 1702 redditus
1402 1695 1410 1703 .
1442 1695 1449 1702 .
1484 1697 1492 1704 .
1523 1665 1565 1702 in
1586 1665 1863 1714 Ledbristona,

351 1729 450 1766 quas
489 1717 630 1755 tertias
668 1722 802 1768 partes
841 1717 980 1756 eadem
1012 1717 1190 1755 Hawisia
1228 1718 1425 1756 clamabat
1463 1732 1546 1757 esse
1584 1719 1865 1758 rationabilem

350 1770 487 1810 dotem
508 1784 630 1818 suam,
654 1785 742 1822 quae
771 1785 858 1810 eam
888 1771 1145 1822 contingebat
1174 1771 1223 1810 de
1252 1772 1378 1810 libero
1399 1778 1630 1811 tenemento
1659 1773 1766 1823 quod
1786 1773 1866 1811 fuit

350 1825 530 1875 praedicti
563 1825 765 1873 Willelmi,
797 1825 1001 1876 quondam
1030 1825 1106 1863 viri
1136 1825 1207 1872 sui,
1239 1825 1280 1864 in
1310 1826 1460 1864 eisdem
1491 1827 1595 1864 villis
1612 1827 1730 1866 2-—Et
1758 1827 1865 1865 inter

350 1878 518 1917 eandem
539 1879 769 1927 Hawisiam,
791 1885 1006 1931 petentem,
1030 1885 1070 1917 et
1091 1880 1325 1930 praedictum
1341 1880 1552 1927 Abbatem,
1576 1887 1791 1928 tenentem,
1814 1881 1863 1919 de

351 1932 407 1971 vii
436 1933 536 1972 acris
566 1939 683 1972 terrae
715 1964 721 1971 .
753 1964 761 1972 .
794 1965 801 1973 .
834 1934 875 1972 in
906 1933 1075 1980 Collum,
1108 1939 1148 1972 et
1175 1934 1282 1972 unde
1312 1934 1503 1984 placitum
1529 1935 1608 1972 fuit
1637 1966 1643 1973 .
1677 1967 1684 1974 .
1722 1966 1730 1974 .
1767 1935 1862 1983 scil„

350 1986 458 2037 quod
493 1987 682 2037 praedicta
715 1987 893 2026 Hawisia
923 1988 1077 2026 remisit
1111 1993 1152 2026 et
1184 1988 1366 2038 quietum
1400 1988 1587 2026 clamavit
1617 1988 1667 2027 de
1700 2002 1742 2027 se
1770 2018 1779 2027 .
1812 2019 1820 2028 .
1853 2020 1860 2028 .

351 2040 481 2078 eidem
502 2041 652 2080 Abbati
681 2073 688 2081 .
723 2072 731 2080 .
763 2072 771 2080 .
804 2047 936 2080 totum
957 2043 1020 2092 jus
1042 2048 1082 2079 et
1102 2042 1287 2079 clamium
1308 2042 1414 2092 quod
1436 2042 1577 2080 habuit
1603 2042 1643 2080 in
1664 2042 1864 2093 praedictis

352 2094 407 2132 vii
426 2095 526 2133 acris
545 2096 587 2133 in
609 2096 778 2144 Collum,
800 2096 1105 2147 imperpetuum.
1166 2095 1338 2134 Remisit
1367 2096 1487 2134 etiam
1517 2096 1653 2134 eadem
1688 2097 1864 2135 Hawisia

353 2148 402 2187 de
422 2161 463 2186 se
486 2149 674 2199 praedicto
694 2150 846 2188 Abbati
876 2181 883 2189 .
918 2181 925 2188 .
959 2181 967 2188 .
999 2156 1130 2188 totum
1159 2150 1223 2200 jus
1253 2155 1293 2188 et
1316 2150 1503 2188 clamium
1523 2150 1629 2200 quod
1650 2150 1793 2189 habuit
1821 2151 1863 2189 in

352 2203 536 2241 omnibus
557 2204 756 2254 praedictis
776 2204 907 2242 tertiis
928 2204 1110 2254 partibus
1140 2234 1147 2242 .
1180 2236 1188 2243 .
1220 2234 1228 2241 .
1261 2204 1313 2242 Et
1334 2218 1404 2254 pro
1421 2204 1493 2242 hac
1514 2205 1755 2252 remissione,
1775 2209 1862 2253 etc„

351 2255 458 2295 idem
479 2257 615 2295 Abbas
650 2259 843 2296 concessit
874 2271 945 2309 pro
979 2271 1021 2296 se
1055 2263 1095 2296 et
1129 2258 1420 2296 successoribus
1455 2258 1535 2296 suis
1566 2258 1674 2308 quod
1708 2259 1784 2308 ipsi
1813 2258 1863 2298 de

352 2315 494 2348 caetero
514 2311 685 2349 reddent
711 2312 877 2363 singulis
907 2312 1021 2350 annis
1050 2311 1180 2350 eidem
1202 2312 1388 2350 Hawisiae
1418 2326 1502 2349 xxx
1532 2312 1678 2350 solidos
1707 2313 1863 2364 argenti

353 2364 635 2415 sterlingorum
666 2370 753 2404 tota
786 2367 871 2404 vita
904 2366 1029 2417 ipsius
1064 2365 1261 2414 Hawisiae,
1298 2366 1347 2404 ad
1387 2365 1487 2404 duos
1521 2367 1725 2413 terminos,
1756 2366 1863 2417 apud

352 2417 773 2468 Kaytonam—scil.‚
814 2419 1073 2458 medietatem
1112 2425 1184 2458 etc.
1262 2419 1315 2457 Et
1357 2426 1447 2470 post
1494 2419 1700 2458 decessum
1738 2420 1863 2470 ipsius

353 2471 540 2510 Hawisiae
569 2472 674 2511 idem
696 2474 832 2512 Abbas
862 2479 902 2512 et
929 2487 1170 2512 successores
1191 2473 1251 2512 sui
1281 2478 1400 2512 erunt
1429 2474 1555 2524 quieti
1585 2474 1635 2512 de
1663 2474 1863 2513 solutione

353 2526 636 2576 praedictorum
656 2527 910 2566 denariorum
931 2529 1235 2579 imperpetuum.

407 2642 468 2680 65.
502 2641 646 2694 [Pedes
675 2642 849 2680 Finium.
906 2643 1023 2681 Ebor.
1085 2645 1204 2681 25-30
1234 2642 1356 2681 Henr.
1380 2653 1440 2680 ΙΙΙ.
1474 2644 1629 2694 [1243]
1654 2643 1727 2682 No.
1753 2642 1862 2696 409]

353 2694 449 2733 Haec
488 2701 549 2734 est
587 2727 594 2735 .
636 2727 644 2735 .
686 2727 693 2735 .
736 2696 842 2746 apud
873 2696 1054 2745 Westm.‚
1086 2697 1127 2734 in
1165 2697 1330 2735 octabus
1361 2697 1399 2734 S.
1430 2697 1650 2743 Michaelis,
1681 2697 1735 2735 A⁰
1754 2711 1782 2735 r.
1812 2697 1859 2735 R.

353 2748 475 2787 Henr.
500 2760 562 2788 ΙΙΙ.
585 2750 771 2788 vicesimo
802 2751 983 2801 septimo,
1007 2751 1151 2789 Coram
1182 2749 1240 2803 [as
1267 2752 1308 2788 in
1337 2750 1410 2788 No.
1446 2750 1525 2803 64].
1586 2751 1697 2789 Inter
1718 2751 1858 2798 Adam,

351 2802 553 2841 Abbatem
588 2804 638 2842 de
670 2804 862 2850 Rievalle,
895 2810 1139 2854 querentem,
1172 2818 1242 2855 per
1271 2804 1500 2842 Johannem
1530 2804 1579 2842 de
1613 2805 1860 2855 Stayngrave

352 2857 564 2906 positum.
598 2889 605 2896 .
637 2888 644 2896 .
687 2864 727 2895 et
767 2858 1014 2896 Willelmum
1054 2858 1089 2896 le
1129 2857 1303 2907 Oyselur
1341 2864 1382 2896 et
1421 2858 1650 2906 Albredam,
1694 2871 1859 2896 uxorem

350 2909 449 2960 ejus,
472 2911 748 2960 impedientes,
771 2911 820 2950 de
841 2912 853 2949 i
874 2912 1021 2949 bovata
1051 2918 1091 2949 et
1112 2912 1209 2949 xxvi
1230 2912 1329 2949 acris
1350 2917 1465 2949 terrae
1487 2919 1527 2949 et
1549 2912 1714 2949 dimidio
1736 2911 1860 2949 crofto

351 2969 391 3002 et
410 2964 578 3003 dimidio
598 2965 731 3003 thofto
763 2996 770 3003 .
802 2995 811 3004 .
844 2997 851 3004 .
883 2966 923 3003 in
942 2965 1304 3013 VVest-NewetonQ
1326 2965 1433 3003 unde
1453 2965 1644 3016 placitum
1661 2965 1862 3003 warantiae
