2033 3242
605 273 919 304 CARTULARIUM
940 273 1246 304 RIEVALLENSE.
1600 268 1683 306 333

223 377 267 418 N
268 387 489 418 EWSHAME
510 376 556 417 in
579 378 693 419 Com.
716 378 932 429 Dunelm.,
954 392 1054 420 cum
1073 378 1256 432 piscaria
1276 378 1447 421 ibidem.

223 435 339 476 Nota
370 435 484 489 quod
515 435 759 477 Leonardus
793 437 892 478 Sare
928 437 1034 478 dicit
1063 436 1178 491 quod
1209 450 1294 477 non
1327 436 1485 479 debent
1520 437 1682 480 solvere

164 493 249 534 nisi
270 492 315 533 xl
330 506 359 534 s.
382 507 459 547 per
479 507 640 534 annum
662 508 737 548 pro
758 494 841 536 ista
861 494 1045 549 parcella
1065 495 1112 535 in
1132 494 1177 535 N
1178 495 1377 536 ewsham.

224 551 280 591 Et
316 550 368 592 de
410 551 455 591 xl
469 565 497 592 s.
541 551 593 592 de
635 552 757 593 firma
797 558 1009 594 certarum
1048 556 1258 594 terrarum
1292 553 1531 607 jacentium
1572 554 1684 595 infra

165 614 299 650 terras
330 609 509 649 Domini
546 610 673 664 Regis
709 610 881 660 ibidem,
915 616 1006 660 etc„
1037 611 1084 651 in
1118 614 1272 652 tenura
1304 611 1508 652 Germani
1540 612 1683 666 Ogles-

164 667 316 720 thorpe
332 681 343 715 3
376 672 420 708 et
449 667 502 708 de
534 667 654 709 xiiis.
686 668 731 708 iv
745 668 782 710 d.
813 669 865 710 de
886 669 1010 709 firma
1040 672 1250 710 certarum
1283 674 1493 710 terrarum
1524 675 1616 720 eto„
1636 670 1683 711 in

163 730 317 766 tenura
338 725 510 766 Thomae
532 725 806 778 Makeresse,
836 731 880 768 et
910 726 963 768 de
994 727 1101 767 xviii
1114 727 1156 768 li.
1188 727 1241 768 de
1272 727 1395 768 firma
1425 727 1477 768 de
1499 728 1684 781 Fysshe-

163 782 313 838 garthe
345 788 388 824 et
418 783 601 836 piscaria
631 784 803 834 ibidem,
832 784 1049 826 solvendis
1080 785 1134 826 ad
1166 785 1371 826 terminos
1403 786 1683 827 Annuntiati-

163 841 257 882 onis
294 841 339 882 B.
378 841 530 882 Mariae
568 842 759 895 Virginis
801 847 844 884 et
881 842 1107 884 Michaelis
1143 842 1413 897 Archangeli,
1449 844 1496 884 in
1531 849 1684 886 tenura

164 899 337 953 Georgii
359 899 558 953 Conyers,
581 899 750 941 Militis.
1048 901 1225 942 Summa
1244 915 1304 941 xx
1317 901 1359 942 li.
1381 902 1505 944 xiiis.
1528 902 1572 942 iv
1587 902 1623 943 d.

221 1016 453 1056 TYESDALE
503 1030 601 1057 cum
653 1016 927 1067 MIDDILTON‚
977 1018 1090 1058 infra
1121 1018 1429 1072 Episcopatum
1478 1018 1682 1060 Dunelm.

163 1074 220 1114 Et
253 1074 305 1115 de
335 1074 380 1114 iv
393 1074 434 1114 li.
468 1074 520 1115 de
541 1074 663 1115 firma
694 1076 910 1130 graungiae
940 1079 1101 1117 vocatae
1132 1076 1260 1117 Freer
1290 1076 1450 1126 Hense,
1491 1090 1590 1118 cum
1620 1077 1683 1118 liv

162 1131 270 1173 acris
287 1132 399 1186 prati
420 1132 591 1181 ibidem,
607 1147 745 1186 nuper
760 1133 806 1173 in
827 1147 958 1174 manu
980 1139 1023 1175 et
1043 1134 1321 1188 occupatione
1341 1148 1478 1188 nuper
1498 1135 1684 1176 Abbatis

163 1194 206 1231 et
228 1190 488 1239 Conventus,
511 1194 600 1240 etc„
620 1191 667 1231 in
696 1196 849 1232 tenura
866 1192 1021 1245 Rogeri
1042 1192 1332 1246 Baynebrige;
1363 1198 1405 1233 et
1427 1193 1478 1233 de
1508 1193 1554 1232 xl
1567 1207 1596 1233 s.
1630 1193 1684 1234 de

163 1248 284 1288 firma
315 1248 552 1289 molendini
583 1249 769 1302 aquatici
805 1249 980 1290 scituati
1010 1249 1183 1298 ibidem,
1205 1254 1295 1298 etc„
1316 1251 1362 1290 in
1394 1255 1546 1291 tenura
1576 1251 1683 1292 dicti

162 1306 318 1360 Rogeri
336 1306 626 1361 Baynebrige3
654 1311 697 1348 et
711 1307 762 1348 de
783 1307 873 1348 xls.
899 1307 950 1348 de
972 1307 1143 1348 redditu
1165 1308 1292 1349 unius
1314 1309 1561 1358 tenementi,
1582 1323 1681 1350 cum

162 1365 289 1405 certis
321 1364 477 1405 clausis
509 1368 551 1405 et
586 1365 783 1418 pasturis,
805 1369 897 1415 etc„
918 1365 965 1406 in
996 1370 1147 1406 tenura
1178 1365 1350 1407 Thomae
1371 1366 1406 1406 F
1409 1366 1607 1420 ulthorpe
1639 1372 1681 1408 et

161 1422 375 1463 Anthonii
407 1422 718 1476 Brakenbuly3
751 1427 794 1464 et
825 1423 877 1464 de
912 1423 1019 1464 xxix
1033 1437 1062 1464 s.
1094 1423 1171 1463 viii
1186 1423 1222 1464 d.
1259 1424 1310 1465 de
1345 1424 1517 1465 redditu
1552 1425 1685 1466 unius

160 1481 409 1530 tenementi,
431 1494 529 1521 cum
559 1481 684 1522 certis
716 1481 872 1522 clausis
894 1486 937 1522 et
966 1482 1154 1536 pasturis
1186 1481 1324 1522 eidem
1354 1482 1682 1536 pertinentibus,

162 1543 254 1588 etc.,
284 1538 331 1579 in
361 1543 514 1579 tenura
545 1571 553 1579 .
585 1571 594 1579 .
627 1571 635 1579 .
673 1539 815 1580 uxoris
852 1539 1026 1580 Ricardi
1056 1540 1253 1580 Johnson
1285 1544 1327 1581 et
1357 1573 1365 1581 .
1398 1573 1407 1581 .
1439 1573 1448 1581 .
1481 1541 1537 1582 fil.
1570 1541 1680 1595 ejus-

162 1596 259 1637 dem
297 1596 494 1648 Ricardi3
525 1599 568 1637 et
598 1596 644 1637 xl
658 1611 687 1638 s.
725 1597 777 1638 de
808 1597 931 1638 firma
966 1598 1189 1652 cujusdam
1225 1612 1390 1652 magnae
1426 1599 1685 1640 communiae

157 1654 340 1708 jacentis
361 1655 406 1695 in
429 1654 636 1708 Tyesdale
657 1655 871 1708 praedicto,
889 1669 1017 1710 super
1037 1670 1166 1710 quam
1189 1669 1326 1710 nuper
1341 1656 1488 1698 Abbas
1511 1662 1553 1698 et
1575 1658 1682 1698 Con-

161 1716 316 1753 ventus
347 1726 484 1766 nuper
519 1713 775 1754 Monasterii
808 1714 1004 1755 solebant
1038 1715 1193 1755 habere
1229 1719 1272 1755 et
1303 1728 1474 1768 pascere
1506 1720 1682 1756 centum

162 1770 327 1820 catalla,
350 1771 441 1820 viZ„
462 1771 605 1821 boves,
626 1785 788 1820 vaccas,
810 1785 941 1826 equos
972 1777 1015 1814 et
1037 1786 1178 1826 equas,
1200 1786 1299 1813 cum
1323 1772 1417 1813 aliis
1449 1773 1683 1814 consimili-

162 1828 254 1878 bus,
271 1833 348 1870 etc.
1065 1831 1242 1871 Summa
1258 1830 1302 1870 xi
1314 1830 1358 1872 li.
1380 1830 1425 1871 ix
1440 1844 1470 1872 s.
1492 1831 1570 1872 viii
1584 1831 1622 1873 d.

221 1946 557 2000 Perquisitiones
575 1946 813 1989 Curiarum.
875 1946 933 1987 Et
954 1946 1006 1987 de
1027 1960 1093 1988 vs.
1113 1946 1202 1987 vid.
1227 1947 1278 1988 de
1299 1948 1685 2002 perquisitionibus

164 2004 389 2046 Curiarum
410 2004 570 2045 ibidem
592 2004 671 2046 hoc
693 2018 805 2045 anno
826 2008 1054 2053 tentarum,
1075 2009 1202 2058 prout
1223 2018 1299 2059 per
1319 2006 1498 2047 Rotulos
1521 2012 1600 2048 etc.

1240 2063 1416 2104 Summa
1436 2079 1464 2104 v
1477 2078 1506 2106 s.
1527 2065 1573 2105 vi
1586 2065 1622 2106 d.

222 2120 398 2161 Summa
428 2120 588 2160 Totalis
621 2121 819 2174 Receptae
849 2119 941 2160 lxiv
955 2120 996 2161 li.
1020 2120 1140 2161 xiiis.
1163 2121 1262 2164 ivd.
1323 2122 1360 2162 E
1381 2123 1537 2176 quibus
1559 2123 1682 2165 feoda

163 2178 464 2232 Computantis
487 2192 584 2219 cum
606 2178 804 2232 expensis
827 2179 1084 2219 necessariis.

221 2295 342 2336 Idem
375 2298 595 2348 computat
626 2295 671 2335 in
704 2295 827 2336 feodo
859 2309 935 2336 suo
962 2295 1098 2349 ipsius
1124 2295 1332 2337 Leonardi
1364 2297 1476 2347 Sam,
1499 2297 1683 2351 Compu-

162 2353 306 2402 tantis,
349 2353 506 2393 Ballivi
547 2353 598 2393 de
640 2353 890 2408 Broughton
931 2353 1092 2408 Magna
1131 2355 1346 2408 praedicta,
1382 2355 1436 2396 ad
1477 2355 1522 2396 xl
1535 2369 1564 2397 s.
1606 2369 1683 2410 per

161 2425 336 2460 annum,
357 2416 446 2460 etc.,
468 2411 528 2452 sic
549 2425 624 2465 per
643 2425 780 2465 nuper
798 2411 1015 2452 Abbatem
1036 2415 1079 2453 et
1101 2411 1371 2454 Conventum
1402 2413 1454 2455 de
1475 2413 1685 2468 Ryevalle

161 2469 384 2523 praedictos
416 2469 554 2510 eidem
586 2469 803 2510 Leonardo
832 2483 907 2523 pro
938 2483 1014 2511 suo
1045 2470 1156 2511 bono
1187 2471 1361 2512 servitio
1394 2471 1454 2512 eis
1485 2472 1680 2526 impenso

164 2528 373 2568 concessis
409 2541 484 2581 per
524 2528 799 2568 indenturam
840 2528 919 2568 sub
960 2527 1100 2582 sigillo
1142 2529 1358 2570 communi
1398 2529 1505 2571 dicti
1544 2544 1685 2584 nuper

163 2585 429 2634 Monasterii,
452 2585 595 2626 datam
618 2585 803 2627 secundo
834 2585 903 2626 die
924 2586 953 2627 J
957 2586 1035 2626 ulii
1056 2600 1167 2627 anno
1189 2593 1327 2627 xxme
1348 2587 1476 2642 Regis
1499 2588 1680 2629 Henrici

162 2653 267 2692 VIII„
287 2657 364 2697 pro
385 2644 568 2684 termino
591 2644 730 2684 xxxiii
750 2657 959 2684 annorum
981 2657 1033 2684 ex
1054 2648 1160 2686 tunc
1179 2645 1375 2698 proximo
1396 2646 1683 2700 sequentium,

163 2701 201 2742 si
229 2701 344 2742 idem
375 2701 618 2742 Leonardus
640 2706 727 2742 tam
761 2701 835 2742 diu
857 2701 1026 2751 vixerit,
1047 2702 1140 2751 viz.,
1170 2703 1217 2743 in
1247 2703 1498 2744 allocatione
1530 2703 1678 2757 hujus-

163 2759 280 2800 modi
309 2759 433 2807 feodi,
454 2773 529 2813 pro
561 2759 737 2800 dimidio
766 2773 877 2800 anno
909 2759 1030 2800 finito
1061 2760 1115 2801 ad
1150 2761 1315 2802 dictum
1346 2763 1503 2802 festum
1526 2762 1679 2803 Pente-

164 2821 300 2858 costes
340 2817 453 2857 infra
492 2822 662 2871 tempus
702 2817 831 2871 hujus
873 2818 1058 2872 compoti
1098 2819 1306 2868 accidens,
1346 2834 1406 2860 xx
1426 2833 1456 2860 s.
1537 2820 1593 2860 Et
1632 2820 1679 2860 in

164 2874 376 2928 stipendio
400 2874 553 2916 Clerici
574 2875 795 2916 Auditoris
817 2875 1053 2925 scribentis,
1074 2880 1163 2918 etc..
1190 2877 1221 2916 ii
1236 2891 1265 2918 s.
1326 2877 1382 2918 Et
1403 2878 1449 2918 in
1480 2877 1678 2931 expensis

165 2932 397 2974 Senescalli
422 2932 645 2973 Curiarum
666 2933 827 2974 ibidem
849 2933 1138 2984 existentium,
1159 2948 1234 2988 pro
1258 2935 1397 2977 Curiis
1423 2935 1682 2989 supradictis
