2033 3242
584 393 650 426 No.

763 287 1078 318 CARTULARIUM
1110 287 1417 318 RIEVALLENSE.

546 448 666 478 CXLV.
700 437 827 478 Carta
848 436 974 490 Regis
998 435 1177 476 Henrici
1198 435 1250 476 de
1282 435 1628 476 Kilverdemersc
1650 434 1702 476 (16
1723 437 1856 475 wasto

418 554 458 609 [2
467 553 508 607 Ο]
530 563 668 594 CXLvi.

513 621 669 652 CXLVII.

502 679 673 709 CXLVIII.

532 737 673 767 CXLIX.

610 853 670 882 CL.

591 910 670 940 CLI.

577 968 673 998 CLII.

557 1026 670 1056 CLIII.

568 1084 675 1115 CLIV.

769 495 921 535 subtus
944 493 1206 546 Pickeringa.

703 552 830 593 Carta
850 552 978 605 Regis
999 551 1170 605 Angliae
1191 551 1243 592 (16
1265 551 1552 605 recognitione
1573 549 1706 591 wasti.

703 610 831 651 Carta
852 610 980 663 Regis
1001 609 1168 662 Angliae
1190 608 1241 650 de
1262 609 1493 650 berchariis
1513 608 1635 649 vasti.

707 669 733 709 J
740 681 887 708 ussum
910 667 1037 721 Regis
1059 667 1111 707 de
1133 672 1263 707 vasto.

707 726 834 767 Carta
875 725 1003 779 Regis
1045 725 1215 779 Angliae
1256 724 1307 766 de
1343 724 1574 766 berchariis
1611 727 1654 765 et
1689 721 1860 764 fossatis

779 783 901 824 vasti.

704 841 832 882 Carta
853 840 981 894 Regis
1004 840 1174 894 Angliae
1196 840 1248 881 de
1270 840 1609 881 Theokemarais.

705 899 983 940 Confirmatio
1006 899 1132 953 Regis
1154 898 1206 939 de
1228 903 1342 938 sarto
1365 898 1571 939 Everardi
1586 898 1639 938 de
1660 897 1756 937 Ros.

705 957 987 1011 Privilegium
1010 957 1136 1010 Regis
1158 956 1338 997 Henrici
1359 967 1402 996 ΙΙ.

704 1015 981 1056 Confirmatio
1003 1015 1131 1068 Regis
1153 1014 1205 1055 de
1226 1014 1428 1055 Tesedale
1449 1017 1491 1054 et
1511 1011 1788 1054 Westerdale.

708 1074 837 1115 Carta
888 1073 1097 1114 Bernardi
1147 1073 1199 1113 de
1241 1071 1424 1113 Balliolo
1476 1072 1527 1112 de
1568 1070 1778 1111 Thesdale
1819 1074 1862 1111 et

752 1130 1049 1173 Westerdale.1

713 1187 818 1245 [The
837 1194 917 1230 rest
948 1190 998 1242 of
1020 1189 1104 1230 this
1123 1188 1236 1243 folio
1266 1189 1303 1229 is
1333 1188 1468 1229 blank.

755 1248 819 1288 the
839 1248 1085 1300 ozumberinq
1101 1246 1318 1300 proceeds]

1532 1187 1596 1228 οη
1617 1187 1682 1227 the
1709 1200 1861 1227 ‘reverse

348 1304 462 1360 [20¹³]
487 1316 665 1346 CLXXIII.
698 1305 826 1347 Carta
856 1305 1049 1346 Turstini
1069 1304 1394 1358 Archiepiscopi
1416 1303 1467 1344 (16
1499 1313 1545 1343 IV
1566 1301 1796 1344 carrucatis
1817 1302 1863 1342 in

755 1363 854 1404 Grif
871 1367 913 1404 et
934 1374 962 1403 V
983 1363 1029 1403 in
1050 1363 1296 1404 Tillestona.

494 1432 664 1462 CLXXIV.
700 1421 828 1462 Carta
850 1421 1029 1462 Henrici
1051 1420 1375 1474 Archiepiscopi
1396 1419 1449 1461 (16
1471 1418 1675 1460 Rievalle.

511 1490 663 1520 CLXXV.
697 1479 763 1521 De
785 1479 1050 1533 protectione
1067 1479 1221 1532 Rogeri
1236 1477 1564 1531 Archiepiscopi
1585 1477 1637 1517 (16
1658 1476 1864 1518 Rievalle.

497 1547 668 1579 CLXXVI.

480 1663 672 1695 CLXXVII.

461 1779 668 1810 CLXXVIII.

492 1838 667 1868 CLXXIX.

702 1537 977 1579 Confirmatio
1010 1537 1164 1591 Rogeri
1184 1536 1510 1590 Archiepiscopi
1542 1535 1594 1576 de
1615 1534 1792 1576 decimis
1813 1534 1866 1576 de

758 1595 953 1636 Crossebi
974 1599 1018 1636 et
1038 1595 1155 1635 Lece.

706 1653 836 1752 (16(1Ξῒ6ἐ
864 1653 1017 1707 Rogeri
1047 1652 1374 1706 Archiepiscopi
1396 1651 1448 1692 de
1470 1651 1794 1692 confirmatione
1814 1650 1867 1692 de

701 1725 1004 1823 Ο61ῗ611ξέὲ611
1024 1767 1350 1821 Archiepiscopi
1371 1767 1423 1808 de
1446 1766 1734 1808 Welleburna.

703 1827 832 1868 Carta
854 1826 1009 1881 Rogeri
1025 1826 1354 1879 Archiepiscopi
1377 1825 1428 1866 de
1450 1824 1691 1867 Houetona.

511 1896 666 1926 CLXXX.
700 1885 828 1926 Carta
851 1885 1006 1939 Rogeri
1027 1883 1351 1937 Archiepiscopi
1372 1883 1424 1924 de
1447 1882 1656 1924 Scaltona.

496 1954 673 1984 CLXXXI.

485 2011 676 2042 CLXXXII.

466 2126 675 2158 CLXXXIII.

471 2242 673 2273 CLXXXIV.

489 2300 672 2330 CLXXXV.

475 2358 676 2388 CLXXXVI.

456 2416 674 2445 CLXXXVII.

438 2473 671 2504 CLXXXVIII.

474 2531 676 2562 CLXXXIX.

582 2589 673 2619 CXC.

566 2647 675 2677 CXCI.

544 2704 672 2735 CXCII.

707 1944 834 1984 Carta
855 1943 1076 1996 Radulphi
1098 1942 1276 1983 Baronis
1298 1942 1350 1981 de
1373 1941 1584 1982 Scaltona.

709 2001 1021 2042 Testimonium
1044 2000 1235 2054 Capituli
1257 2000 1294 2041 S.
1319 2000 1436 2040 Petri
1457 2000 1583 2040 Ebor.
1606 1998 1657 2039 de
1675 1998 1869 2040 Rievalle

760 2059 812 2100 de
835 2059 933 2100 Grif
951 2064 994 2099 et
1015 2058 1259 2099 Tillestona.

707 2117 1020 2158 Testimonium
1042 2116 1233 2170 Capituli
1265 2116 1304 2157 S.
1328 2116 1446 2156 Petri
1469 2115 1591 2156 Ebor.
1615 2115 1667 2156 de
1691 2114 1796 2156 Grif
1822 2118 1865 2155 et

760 2175 995 2216 Huctredo.

707 2232 956 2286 Capitulum
978 2232 1159 2273 Eboraci
1180 2231 1231 2272 (16
1253 2231 1540 2272 VVellebrune.

706 2290 833 2331 Carta
855 2290 1046 2345 Capituli
1068 2290 1120 2331 de
1142 2289 1328 2330 Radulfo
1352 2289 1476 2330 Beler
1498 2289 1549 2329 de
1571 2288 1822 2329 Houetuna.

710 2348 960 2401 Capitulum
983 2349 1020 2389 S.
1040 2348 1158 2389 Petri
1179 2348 1231 2389 (16
1253 2348 1379 2388 Petro
1401 2347 1453 2388 de
1476 2347 1693 2387 Houetun.

709 2406 959 2460 Capitulum
983 2407 1020 2447 S.
1044 2406 1161 2447 Petri
1184 2406 1235 2446 de
1258 2406 1460 2446 Samsone
1478 2403 1738 2446 Cornuwale.

706 2464 955 2517 Capitulum
972 2464 1009 2505 S.
1021 2464 1137 2504 Petri
1154 2463 1337 2504 Ebor.de
1353 2463 1571 2503 Rannulfo
1585 2462 1637 2502 de
1644 2462 1678 2502 F
1681 2461 1870 2502 olketun.

712 2521 839 2562 Carta
860 2522 911 2563 de
928 2522 1168 2562 Kirkeham
1191 2522 1243 2562 de
1263 2521 1440 2562 decimis
1462 2520 1610 2574 prima.

709 2579 836 2620 Carta
858 2579 910 2620 de
932 2580 1172 2620 Kirkeham
1194 2579 1246 2620 de
1268 2579 1445 2619 decimis
1467 2577 1664 2618 secunda.

710 2637 961 2690 Capitulum
984 2637 1183 2677 Dunelm.
1208 2637 1259 2678 de
1282 2636 1458 2677 decimis
1480 2636 1531 2675 de
1554 2635 1720 2676 Cotum.

707 2695 984 2736 Confirmatio
1016 2695 1169 2748 Rogeri
1200 2693 1525 2747 Archiepiscopi
1556 2693 1608 2733 de
1642 2691 1872 2734 donatione

764 2752 976 2793 Willelmi
997 2752 1049 2793 de
1070 2752 1208 2793 Vesci.

402 2897 411 2916 ¹
437 2897 522 2928 This
538 2896 607 2928 last
629 2896 710 2928 title
733 2896 763 2928 is
790 2897 936 2929 written
962 2896 999 2928 in
1025 2907 1047 2929 a
1073 2896 1165 2928 later
1192 2895 1288 2928 hand
1314 2896 1403 2928 than
1426 2895 1506 2928 that
1533 2895 1569 2927 of
1596 2895 1657 2927 the
1682 2894 1875 2937 preceding

362 2942 504 2980 entries,
523 2939 593 2972 and
609 2939 645 2972 in
661 2939 761 2982 paler
776 2939 848 2973 ink.
