2033 3242
853 306 1081 336 APPENDIX.
1644 298 1723 335 387

217 408 342 458 patris
380 410 442 447 sui
481 415 574 449 ete:
617 410 670 448 Et
698 424 835 449 versus
873 410 1123 449 Willelmum
1151 409 1201 448 de
1230 409 1312 448 Ros
1340 408 1390 447 de
1428 408 1575 459 placito
1613 409 1721 459 quod

216 475 297 499 non
325 467 438 501 tenet
466 464 501 502 ei
531 465 651 502 finem
679 465 785 503 inter
813 465 944 515 ipsum
974 465 1183 512 Abbatem,
1215 469 1461 514 querentem,
1485 468 1525 501 et
1551 463 1721 501 eundem

218 515 475 564 Willelmum,
504 518 801 568 impedientem,
829 519 879 557 de
900 532 1108 556 communa
1135 518 1327 569 herbagii,
1358 530 1544 568 pessonae,
1577 516 1721 555 buiscae

216 574 257 607 et
303 572 492 609 maeremii
539 573 579 610 in
620 573 804 612 omnibus
840 573 968 611 boscis
1013 572 1137 623 ipsius
1175 571 1367 610 willelmi
1414 571 1456 608 in
1503 570 1722 608 Hamalene

216 621 291 676 [et]
329 624 513 672 Pochele,
548 627 725 677 exceptis
763 626 920 665 duobus
958 626 1084 677 parcis
1122 626 1164 663 in
1203 625 1403 673 Hamelec,
1438 629 1479 662 et
1515 624 1633 663 bosco
1672 624 1721 661 de

214 677 459 725 Plocwude,1
487 680 592 718 unde
613 680 892 731 cirographum
913 685 984 718 etc.
1044 679 1097 717 Et
1125 679 1328 718 Jordanus
1355 692 1427 717 nec
1453 678 1521 716 alii
1541 678 1718 716 veniunt.

213 730 267 769 Et
287 733 517 771 summoniti
531 733 557 771 J
561 734 734 772 ordanus
755 740 796 772 et
811 734 1022 781 Robertus,
1046 739 1132 781 etc,
1150 733 1258 784 quod
1280 734 1362 772 sint
1383 747 1405 771 a
1425 732 1489 771 die
1507 732 1542 771 S.
1561 731 1721 770 Hillarii

213 785 255 822 in
275 791 357 824 tres
387 788 629 837 septimanas
651 794 722 827 etc.
781 788 835 826 Et
855 787 1082 826 WVillelmus
1103 787 1344 826 attachiatus
1373 787 1452 825 fuit
1481 800 1552 837 per
1571 785 1722 824 Willel-

211 851 323 877 mum
355 840 404 878 de
431 841 575 880 Wauce
605 849 646 880 et
675 842 870 880 Thomam
898 841 949 880 de
978 841 1169 892 Codenay
1190 847 1262 880 etc.
1322 841 1418 879 Ideo
1450 844 1623 891 ponatur
1653 852 1724 890 per

212 893 334 931 auxil.
356 894 560 944 placitum,
592 896 699 946 quod
727 896 779 934 sit
808 895 859 934 ad
888 895 1125 946 praedictum
1152 896 1370 934 terminum
1391 900 1462 934 etc.
1522 894 1575 932 Et
1603 893 1722 944 primi

211 952 284 986 etc.

265 1073 326 1111 56.
360 1071 478 1124 [Feet
506 1073 546 1111 of
575 1073 704 1112 Fines.
763 1073 880 1112 Ebor.
944 1075 1059 1111 16-19
1091 1073 1216 1112 Henr.
1249 1083 1309 1112 ΙΙΙ.
1344 1072 1497 1127 [1234]‚
1529 1073 1604 1113 No.
1639 1073 1720 1128 20.]

210 1124 308 1163 Haee
337 1133 398 1164 est
427 1133 513 1175 etc.,
536 1128 642 1178 apud
673 1127 853 1175 VVestm„
877 1141 900 1165 a
928 1126 994 1165 die
1024 1127 1061 1165 S.
1095 1127 1257 1165 Hillarii
1283 1127 1324 1165 in
1354 1135 1435 1166 tres
1465 1129 1719 1179 septimanas,

210 1179 264 1216 A⁰
289 1193 317 1218 r.
353 1180 473 1231 Regis
509 1181 629 1220 Henr.
663 1191 722 1220 ΙΙΙ.
756 1187 896 1220 octavo
930 1181 1095 1226 decimo,
1126 1181 1271 1220 Coram
1305 1181 1508 1220 Willelmo
1539 1182 1588 1220 de
1622 1182 1722 1230 Ral’,

210 1233 364 1272 Thoma
401 1235 450 1273 de
491 1235 640 1283 Hulet.,
677 1235 855 1274 Roberto
893 1235 943 1272 de
981 1234 1217 1281 Lexintona,
1259 1235 1462 1273 Willelmo
1500 1235 1550 1274 de
1587 1235 1719 1284 Ebor.,

209 1287 385 1326 Radulfo
406 1288 455 1326 de
475 1288 660 1336 Norwic.‚
677 1289 880 1327 willelmo
901 1288 950 1327 de
969 1288 1116 1336 Insula,
1140 1289 1231 1327 Ada
1246 1288 1328 1326 filio
1345 1289 1550 1336 Willelmi,
1568 1296 1608 1328 et
1624 1290 1720 1328 Wil-

209 1340 327 1380 lelmo
361 1342 410 1380 de
450 1342 486 1381 S.
526 1343 751 1389 Edmundo,
786 1343 943 1390 Justic„
981 1347 1021 1380 et
1054 1342 1175 1381 aliis.
1206 1374 1214 1381 .
1247 1374 1254 1381 .
1288 1342 1400 1381 Inter
1430 1343 1652 1381 Robertum
1684 1343 1719 1382 le

209 1394 337 1433 Bulur
366 1403 406 1434 et
433 1396 670 1444 Amabilem,
693 1410 859 1435 uxorem
888 1396 983 1446 ejus,
1012 1401 1207 1448 petentes,
1231 1410 1302 1446 per
1334 1397 1467 1448 ipsum
1496 1397 1717 1435 Robertum

208 1451 385 1500 positum
432 1450 518 1489 loco
556 1451 681 1501 ipsius
715 1450 911 1489 Amabilis
951 1450 1001 1488 ad
1040 1450 1279 1488 lucrandum
1307 1482 1315 1490 .
1348 1482 1356 1489 .
1389 1483 1396 1490 .
1430 1456 1470 1488 et
1503 1451 1717 1502 Rogerum,

206 1503 408 1542 Abbatem
445 1504 496 1543 de
534 1505 700 1551 Rivalle,
740 1510 959 1552 tenentem,
989 1517 1060 1555 per
1092 1504 1280 1550 Alanum,
1312 1504 1552 1543 monachum
1589 1519 1717 1554 suum,

207 1558 383 1607 positum
413 1589 420 1596 .
453 1589 460 1596 .
495 1590 503 1598 .
536 1559 585 1597 de
606 1559 726 1597 tertia
746 1565 858 1609 parte
878 1558 947 1596 xvi
968 1571 1146 1596 acrarum
1166 1563 1293 1605 terrae,
1326 1590 1333 1597 .
1367 1590 1374 1598 .
1407 1590 1415 1597 .
1445 1559 1486 1596 in
1508 1559 1718 1607 Hadilton,

207 1618 248 1649 et
268 1611 317 1650 de
338 1612 457 1650 tertia
477 1620 590 1663 parte
611 1613 748 1651 decem
768 1619 807 1650 et
828 1619 982 1662 septem
1002 1625 1184 1650 acrarum
1203 1612 1311 1650 bosci
1332 1618 1372 1650 et
1392 1613 1515 1650 trium
1537 1627 1716 1651 acrarum

205 1666 358 1712 assarti,
391 1697 398 1704 .
431 1697 438 1704 .
471 1697 479 1704 .
512 1667 553 1704 in
576 1666 794 1713 Hardene,2
813 1680 910 1716 quas
932 1666 1071 1704 tertias
1092 1672 1225 1716 partes
1253 1666 1434 1717 praedicti
1458 1667 1656 1705 Robertus
1677 1673 1717 1706 et

205 1719 403 1758 Amabilis
434 1720 658 1759 clamabant
689 1719 766 1773 [ut]
802 1720 1079 1758 rationabilem
1113 1720 1249 1758 dotem
1282 1720 1407 1771 ipsius
1437 1720 1633 1759 Amabilis
1667 1721 1717 1759 de

204 1772 330 1811 libero
357 1781 587 1812 tenemento
618 1774 726 1825 quod
752 1774 831 1812 fuit
859 1773 1059 1812 <Iohannis
1089 1774 1138 1812 de
1166 1774 1389 1824 Casteleya,
1412 1776 1614 1825 quondam
1640 1775 1716 1813 viri

203 1827 330 1878 ipsius
349 1828 558 1875 Amabilis,
580 1828 622 1866 in
643 1828 845 1878 praedictis
866 1828 987 1875 locis3
1017 1833 1057 1866 et
1077 1828 1184 1866 unde
1205 1828 1396 1879 placitum
1426 1829 1505 1866 fuit
1526 1829 1630 1866 inter
1650 1842 1716 1867 eos

202 1881 245 1919 in
275 1881 415 1919 eadem
436 1882 708 1930 Curia—scil„
732 1881 840 1932 quod
869 1882 1050 1932 praedicti
1080 1882 1280 1920 Robertus
1308 1888 1348 1920 et
1376 1882 1573 1921 Amabilis
1601 1883 1716 1921 remi-

204 1943 343 1973 serunt
359 1941 399 1974 et
412 1938 592 1986 quietum
609 1936 883 1974 clamaverunt
903 1936 952 1973 de
969 1949 1009 1974 se
1027 1936 1155 1974 eidem
1171 1936 1321 1974 Abbati
1351 1967 1359 1975 .
1391 1968 1399 1975 .
1433 1968 1440 1975 .
1475 1942 1515 1974 et
1531 1936 1715 1975 Ecclesiae

204 2003 284 2027 suae
304 1990 353 2028 <le
375 1989 529 2028 Rivalle
550 1996 682 2028 totum
715 1990 781 2040 jus
810 1996 850 2028 et
871 1989 1055 2027 elamium
1075 1989 1183 2040 quod
1204 1989 1431 2028 habuerunt
1452 1990 1491 2027 in
1514 1990 1715 2041 praedictis

203 2044 334 2081 tertiis
367 2045 548 2093 partibus
582 2076 589 2083 .
627 2076 635 2083 .
668 2074 675 2082 .
714 2044 875 2081 nomine
906 2043 1024 2091 dotis,
1061 2043 1366 2094 imperpetuum.
1440 2043 1492 2082 Et
1530 2057 1602 2094 pro
1641 2044 1715 2083 hac

201 2097 447 2144 remissione,
470 2105 560 2145 etc.,
578 2098 684 2136 idem
704 2098 841 2136 Abbas
862 2097 975 2135 dedit
995 2097 1195 2148 praedictis
1216 2097 1393 2136 Roberto
1414 2103 1455 2136 et
1475 2098 1650 2137 Amabili
1671 2098 1713 2137 xl

202 2151 349 2189 solidos
371 2151 660 2202 sterlingorum.

257 2278 317 2315 57.
352 2274 467 2328 [Feet
495 2275 535 2314 of
564 2275 692 2314 Fines.
752 2276 867 2314 Ebor.
929 2277 1045 2314 16-19
1076 2275 1198 2314 Henr.
1232 2286 1293 2314 ΙΙΙ.
1328 2275 1479 2329 [1234],
1511 2276 1585 2316 No.
1631 2277 1711 2330 19.]

202 2329 298 2368 Haec
328 2336 388 2367 est
417 2338 503 2376 etc„
535 2330 641 2380 apud
672 2329 906 2377 VVestmon„
939 2343 962 2367 a
992 2330 1055 2368 die
1085 2329 1247 2368 Paschae
1276 2330 1317 2368 in
1344 2335 1425 2369 tres
1454 2331 1707 2381 septimanas,

200 2386 254 2422 Αο
274 2398 301 2422 r.
325 2384 445 2434 Regis
467 2384 592 2421 Henr.
623 2394 683 2422 ΙΙΙ.
717 2390 857 2422 octavo
890 2383 1054 2431 decimo,
1083 2397 1213 2422 coram
1245 2383 1304 2436 [as
1332 2385 1374 2422 in
1407 2385 1478 2422 last
1510 2385 1708 2433 document,

199 2437 355 2476 Thoma
392 2437 440 2475 de
489 2437 616 2475 Hulet
653 2438 737 2487 only
780 2437 954 2489 omitted}
996 2437 1108 2476 Inter
1154 2438 1367 2488 Rogerum,
1416 2438 1617 2477 Abbatem
1659 2439 1709 2478 de

199 2492 366 2537 Rivalle,
385 2497 630 2542 querentem,
654 2505 724 2541 per
743 2491 906 2530 fratrem
925 2490 1112 2539 Alanum‚
1127 2492 1366 2530 monachum
1387 2506 1510 2540 suam,
1533 2493 1706 2543 positum

200 2577 207 2585 .
286 2577 293 2584 .
328 2551 369 2584 et
387 2546 612 2584 ‹Jordanum
635 2545 814 2593 Hayrun,
838 2546 1133 2596 impedientem,
1156 2546 1206 2584 de
1234 2546 1275 2584 iv
1294 2547 1451 2585 bovatis
1478 2554 1518 2585 et
1547 2547 1589 2584 ix
1609 2547 1708 2585 aeris

199 2605 316 2638 terrae
346 2631 353 2637 .
387 2631 394 2638 .
425 2630 432 2637 .
466 2599 506 2636 in
528 2599 751 2650 Thimelby,
776 2604 816 2637 et
836 2599 884 2637 de
905 2613 1116 2637 communa
1136 2606 1310 2650 pasturae
1331 2600 1381 2638 ad
1402 2601 1592 2638 ducentas
1614 2614 1707 2639 oves

199 2654 240 2691 in
255 2653 392 2691 eadem
406 2653 510 2692 villa.
530 2653 636 2691 unde
649 2653 840 2703 placitum
856 2654 1056 2691 warantiae
1073 2661 1190 2692 cartae
1204 2654 1489 2692 summonitum
1512 2654 1590 2692 fuit
1603 2655 1708 2693 inter

199 2721 265 2746 eos
299 2707 339 2745 in
375 2707 512 2745 eadem
547 2707 816 2754 Curia—scil„
852 2706 959 2757 quod
994 2708 1207 2758 praedictus
1241 2708 1444 2746 Jordanus
1474 2709 1707 2758 recognovit

199 2766 326 2799 totam
348 2761 576 2812 praedictam
604 2768 751 2799 terram
787 2792 795 2799 .
829 2791 836 2799 .
873 2791 882 2799 .
916 2768 1082 2811 excepto
1114 2762 1232 2800 bosco
1261 2762 1311 2800 de
1344 2761 1613 2811 Hayckedale‚
1637 2763 1706 2813 qui

199 2816 374 2866 pertinet
403 2815 453 2852 ad
483 2815 690 2864 praedictas
724 2816 764 2852 iv
785 2815 951 2853 bovatas
985 2820 1111 2863 terrae,
1134 2822 1174 2854 et
1208 2817 1273 2866 qui
1305 2815 1435 2853 eidem
1454 2815 1635 2854 Jordano
1665 2822 1705 2854 et

198 2869 422 2908 haeredibus
443 2870 523 2907 suis
543 2875 722 2907 remanet
741 2870 886 2919 quiete,
909 2882 992 2908 esse
1016 2869 1081 2920 jus
1107 2869 1230 2920 ipsius
1251 2869 1421 2908 Abbatis
1450 2875 1491 2908 et
1520 2869 1704 2908 Ecclesia}

328 2965 339 2984 ¹
363 2965 521 2997 WVritten
538 2965 740 2998 Plocwinde.
1171 2967 1183 2985 2
1205 2967 1363 2999 Written
1380 2966 1569 2998 Hartdene.
