2033 3242
475 359 542 393 No.

475 414 564 444 XXI.

460 472 565 502 XXII.

442 530 565 561 XXIII.

447 703 563 732 XXIV.

462 818 564 848 XXV.

308 922 431 978 [1710]
451 933 570 963 xxvi.

439 991 574 1021 XXVII.

420 1049 572 1079 XXVIII.

451 1107 572 1137 XXIX.

466 1165 569 1195 XXX.

453 1281 572 1311 XXXI.

436 1339 573 1369 XXXII.

419 1396 572 1427 XXXIII.

419 1454 570 1485 XXXIV.

438 1513 572 1543 XXXV.

425 1570 574 1601 XXXVI.

407 1628 575 1658 XXXVII.

386 1686 572 1717 XXXVIII.

424 1744 575 1774 XXXIX.

509 1802 576 1833 XL.

490 1860 574 1891 XLI.

476 2033 576 2064 XLII.

457 2091 575 2121 XLIII.

463 2149 577 2180 XLIV.

485 2322 582 2353 XLV.

467 2437 580 2467 XLVI.

446 2552 577 2584 XLVII.

426 2610 571 2640 XLVIII.

455 2726 570 2757 XLIX.

723 254 1035 284 CARTULARIUM
1067 253 1374 284 RIEVALLENSE.

599 403 727 445 Carta
744 402 899 457 Rogeri
920 402 973 443 de
993 401 1181 442 Molbrai
1203 401 1254 442 de
1270 402 1441 443 rusticis
1458 402 1511 443 de
1526 401 1814 443 Welleburne.

598 462 725 502 Carta
746 460 909 515 Nigelli
930 460 982 500 de
998 459 1186 500 Molbrai
1207 459 1258 500 de
1279 460 1567 501 Welleburne.

599 519 727 560 Carta
741 519 894 572 Rogeri
915 517 967 558 de
989 517 1174 558 Molbrai
1196 517 1248 558 de
1269 517 1476 558 Houetun
1499 522 1541 559 et
1558 516 1815 571 quibusdam

654 577 746 630 ejus
769 575 933 624 divisis,
953 578 996 616 et
1015 575 1069 616 de
1093 574 1262 616 duabus
1293 576 1446 617 marcis
1478 576 1662 616 Roberto
1694 573 1818 616 Beler

655 638 699 675 et
720 633 811 687 ejus
832 632 1083 674 haeredibus.

598 692 727 732 Carta
758 691 911 745 Rogeri
941 690 994 731 de
1025 690 1213 731 Molbrai
1243 691 1296 732 de
1317 691 1538 741 Houetun,
1559 696 1603 733 et
1623 691 1675 732 de
1697 690 1817 732 Sam-

655 763 757 790 sone
780 748 1042 790 Cornuwale.

598 808 726 848 Carta
747 807 902 861 Rogeri
923 806 975 847 de
996 806 1185 847 Molbrai
1213 806 1265 848 de
1296 807 1506 848 Houetun
1537 811 1580 848 et
1611 807 1663 848 de
1695 806 1814 848 Sam-

657 879 758 906 sone
779 865 832 905 de
855 864 1118 905 Cornuwale.

602 923 729 963 Carta
750 923 976 963 Benedicti
998 922 1050 963 de
1070 922 1342 964 Wimbeltun
1364 923 1512 976 prima.

608 980 827 1034 [omitted]

606 1038 733 1079 Carta
754 1038 909 1092 Rogeri
931 1038 983 1079 de
1005 1037 1194 1079 Molbrai
1215 1038 1267 1079 de
1290 1038 1529 1079 Staintuna.

604 1097 718 1138 Item
740 1096 869 1137 Carta
889 1096 1043 1150 Rogeri
1064 1097 1115 1137 de
1137 1096 1326 1137 Molbrai
1347 1096 1398 1137 (16
1421 1096 1659 1137 Steintune.

604 1154 731 1195 Carta
763 1153 972 1208 Stephani
1002 1154 1055 1195 de
1090 1154 1249 1195 Mainil
1285 1155 1336 1196 de
1373 1154 1598 1195 Steintona
1627 1168 1704 1209 pro
1733 1168 1821 1195 una

656 1212 838 1254 marcha.

605 1271 733 1311 Carta
755 1270 952 1324 Hugonis
973 1270 1233 1311 Malabestia
1254 1270 1306 1311 de
1329 1270 1544 1312 Steintun.

607 1329 735 1369 Carta
756 1328 955 1382 Hugonis
977 1328 1235 1369 Malabestie
1257 1328 1310 1369 de
1332 1328 1692 1382 Oswaldesengas.

606 1386 734 1426 Carta
755 1386 954 1440 Hugonis
976 1386 1235 1427 Malabestia
1256 1386 1308 1427 de
1330 1385 1625 1428 Brokesholes.

604 1444 731 1484 Carta
754 1443 917 1484 Odonis
939 1444 991 1484 de
1011 1444 1277 1485 Hesteschei.

605 1502 733 1543 Carta
753 1502 862 1542 Adae
883 1501 934 1542 de
957 1501 1128 1542 Boltebi
1148 1502 1201 1543 de
1224 1501 1624 1556 Guthalgillesicke.

608 1560 735 1601 Carta
758 1559 986 1600 Gilleberti
1008 1559 1061 1600 de
1083 1559 1201 1600 Gant
1223 1560 1275 1601 de
1298 1560 1643 1601 Hundemanebi.

609 1618 737 1658 Carta
760 1617 940 1658 Comitis
963 1617 1190 1658 Gilleberti
1211 1617 1262 1658 de
1285 1618 1412 1659 Gant.

607 1675 734 1716 Carta
757 1675 938 1716 Comitis
962 1676 1162 1730 Symonis
1184 1675 1236 1716 de
1259 1676 1601 1718 Hundemanebi.

608 1734 737 1774 Carta
758 1733 929 1773 Radulfi
951 1733 1003 1774 de
1025 1733 1257 1774 Novavilla
1278 1733 1330 1774 de
1352 1734 1530 1775 Rihtun.

610 1791 737 1832 Carta
757 1791 961 1832 Rannulfi
983 1791 1035 1832 de
1056 1796 1168 1832 terra
1188 1791 1234 1832 in
1256 1791 1481 1833 Folktune.

607 1850 734 1891 Carta
771 1849 976 1889 Rannulfi
1008 1849 1087 1889 filii
1123 1849 1309 1890 Walteri
1341 1849 1392 1890 de
1418 1850 1492 1898 H.‚
1522 1850 1597 1903 qui
1628 1849 1824 1891 concedit

656 1907 900 1948 libertatem
922 1907 1169 1948 hominibus
1186 1908 1274 1948 suis
1291 1907 1538 1949 dimittendi
1554 1907 1676 1948 nobis
1692 1912 1825 1949 terras

658 1965 712 2006 ad
734 1965 999 2006 terminum.1

610 2022 739 2064 Carta
760 2023 972 2063 Willelmi
994 2022 1074 2063 filii
1094 2022 1330 2064 Theobaldi
1351 2023 1403 2064 de
1424 2023 1676 2065 Folketune.

609 2081 738 2122 Carta
757 2080 942 2121 Walteri
962 2080 1189 2135 Engelram
1211 2081 1263 2122 de
1285 2081 1608 2123 Heseleretuna.

611 2138 739 2179 Carta
761 2138 953 2192 Capituli
977 2138 1015 2179 S.
1048 2138 1167 2179 Petri
1188 2139 1240 2180 de
1271 2139 1503 2181 donatione
1535 2139 1744 2193 Torphini
1774 2140 1825 2181 de

658 2196 886 2236 Alvestein
917 2196 970 2237 de
992 2211 1079 2237 una
1100 2203 1318 2238 carrucata
1350 2203 1473 2238 terrae
1504 2198 1761 2239 confirmata
1780 2198 1826 2238 in

662 2253 742 2294 hoc
764 2254 903 2308 sigillo
925 2254 1028 2307 quia
1047 2254 1140 2308 ipse
1162 2254 1302 2309 sigillo
1325 2256 1504 2296 carebat.

615 2311 744 2353 Carta
766 2311 944 2352 Roberti
976 2312 1028 2353 de
1058 2313 1232 2354 Laceles
1263 2313 1315 2353 de
1346 2327 1433 2354 una
1463 2317 1684 2354 carrucata
1704 2317 1826 2354 terrae

659 2369 705 2409 in
728 2369 916 2410 Mortun.

614 2426 740 2467 Carta
771 2427 969 2467 Gaufridi
991 2427 1044 2468 de
1066 2428 1237 2469 Laceles
1269 2428 1322 2469 de
1344 2443 1430 2469 una
1452 2432 1672 2469 carrucata
1703 2433 1826 2470 terrae

660 2485 706 2524 111
729 2485 919 2526 Mortun.

610 2542 737 2582 Carta
757 2542 969 2583 Willelmi
990 2542 1042 2583 de
1065 2543 1309 2585 Stutavilla.

607 2599 733 2640 Carta
769 2599 949 2640 Walteri
986 2601 1215 2654 Engelram
1257 2607 1300 2643 et
1330 2601 1550 2642 Holdeard
1583 2600 1635 2642 de
1668 2601 1827 2644 Welle-

657 2657 781 2698 berie.

604 2715 732 2756 Carta
754 2715 860 2756 Adae
882 2714 962 2755 filii
984 2715 1101 2756 Petri
1123 2716 1175 2757 de
1198 2716 1494 2770 Stainburghe.

354 2854 366 2874 ²
389 2854 475 2887 This
497 2854 650 2905 heading
673 2865 747 2886 was
770 2854 1009 2904 accidentally
1026 2855 1179 2887 omitted
1203 2855 1252 2897 by
1268 2855 1329 2888 the
1354 2856 1502 2898 copyist,
1529 2856 1600 2887 and
1622 2856 1828 2889 aftexwards

310 2897 464 2930 inserted
480 2909 525 2930 on
542 2899 626 2930 the
618 2909 720 2930 muer
744 2898 897 2940 margin.
