<?xml version="1.0" encoding="UTF-8"?>
<!DOCTYPE html PUBLIC "-//W3C//DTD XHTML 1.0 Transitional//EN"
    "http://www.w3.org/TR/xhtml1/DTD/xhtml1-transitional.dtd">
<html xmlns="http://www.w3.org/1999/xhtml" xml:lang="en" lang="en">
 <head>
  <title>
</title>
<meta http-equiv="Content-Type" content="text/html;charset=utf-8" />
  <meta name='ocr-system' content='tesseract 3.04.00' />
  <meta name='ocr-capabilities' content='ocr_page ocr_carea ocr_par ocr_line ocrx_word'/>
</head>
<body>
  <div class='ocr_page' id='page_1' title='image "./cartulariumabbat00riev_0433.png"; bbox 0 0 2033 3242; ppageno 0'>
   <div class='ocr_carea' id='block_1_1' title="bbox 593 230 1666 272">
    <p class='ocr_par' dir='ltr' id='par_1_1' title="bbox 593 230 1666 272">
     <span class='ocr_line' id='line_1_1' title="bbox 593 230 1666 272; baseline -0.003 -1"><span class='ocrx_word' id='word_1_1' title='bbox 593 240 906 272; x_wconf 80' lang='lat' dir='ltr'>CARTULARIUM</span> <span class='ocrx_word' id='word_1_2' title='bbox 926 238 1234 270; x_wconf 78' lang='lat' dir='ltr'>RIEVALLENSE.</span> <span class='ocrx_word' id='word_1_3' title='bbox 1587 230 1666 269; x_wconf 86' lang='lat'>307</span> 
     </span>
    </p>
   </div>
   <div class='ocr_carea' id='block_1_2' title="bbox 157 342 1677 2537">
    <p class='ocr_par' dir='ltr' id='par_1_2' title="bbox 157 342 1677 2537">
     <span class='ocr_line' id='line_1_2' title="bbox 157 342 1670 399; baseline -0.002 -13"><span class='ocrx_word' id='word_1_4' title='bbox 157 345 263 386; x_wconf 89' lang='lat' dir='ltr'>Alta</span> <span class='ocrx_word' id='word_1_5' title='bbox 293 345 404 399; x_wconf 86' lang='lat' dir='ltr'>Ripa</span> <span class='ocrx_word' id='word_1_6' title='bbox 438 378 446 386; x_wconf 95' lang='lat'>.</span> <span class='ocrx_word' id='word_1_7' title='bbox 483 378 492 387; x_wconf 91' lang='lat'><strong>.</strong></span> <span class='ocrx_word' id='word_1_8' title='bbox 526 378 534 387; x_wconf 91' lang='lat'>.</span> <span class='ocrx_word' id='word_1_9' title='bbox 571 345 673 387; x_wconf 87' lang='lat' dir='ltr'>fecit</span> <span class='ocrx_word' id='word_1_10' title='bbox 702 345 796 386; x_wconf 82' lang='lat' dir='ltr'>Deo</span> <span class='ocrx_word' id='word_1_11' title='bbox 828 377 837 387; x_wconf 88' lang='lat'><strong>.</strong></span> <span class='ocrx_word' id='word_1_12' title='bbox 872 377 882 388; x_wconf 91' lang='lat'>.</span> <span class='ocrx_word' id='word_1_13' title='bbox 918 377 926 386; x_wconf 94' lang='lat'>.</span> <span class='ocrx_word' id='word_1_14' title='bbox 960 344 1013 385; x_wconf 90' lang='lat' dir='ltr'>de</span> <span class='ocrx_word' id='word_1_15' title='bbox 1042 343 1181 384; x_wconf 91' lang='lat' dir='ltr'>tribus</span> <span class='ocrx_word' id='word_1_16' title='bbox 1211 342 1378 384; x_wconf 91' lang='lat' dir='ltr'>bovatis</span> <span class='ocrx_word' id='word_1_17' title='bbox 1407 345 1541 391; x_wconf 78' lang='lat' dir='ltr'>terrae,</span> <span class='ocrx_word' id='word_1_18' title='bbox 1573 356 1670 384; x_wconf 92' lang='lat' dir='ltr'>cum</span> 
     </span>
     <span class='ocr_line' id='line_1_3' title="bbox 159 400 1670 456; baseline -0.002 -13"><span class='ocrx_word' id='word_1_19' title='bbox 159 403 449 456; x_wconf 76' lang='lat' dir='ltr'>pertinenciis,</span> <span class='ocrx_word' id='word_1_20' title='bbox 487 403 535 443; x_wconf 91' lang='lat' dir='ltr'>in</span> <span class='ocrx_word' id='word_1_21' title='bbox 580 403 793 445; x_wconf 90' lang='lat' dir='ltr'>Favedre:</span> <span class='ocrx_word' id='word_1_22' title='bbox 842 401 1132 444; x_wconf 89' lang='lat' dir='ltr'>Donationem</span> <span class='ocrx_word' id='word_1_23' title='bbox 1162 433 1171 442; x_wconf 89' lang='lat'><strong>.</strong></span> <span class='ocrx_word' id='word_1_24' title='bbox 1203 434 1211 442; x_wconf 94' lang='lat'>.</span> <span class='ocrx_word' id='word_1_25' title='bbox 1243 430 1252 439; x_wconf 91' lang='lat'><strong>.</strong></span> <span class='ocrx_word' id='word_1_26' title='bbox 1285 413 1393 454; x_wconf 87' lang='lat' dir='ltr'>quas</span> <span class='ocrx_word' id='word_1_27' title='bbox 1438 400 1567 453; x_wconf 83' lang='lat' dir='ltr'>Hugo</span> <span class='ocrx_word' id='word_1_28' title='bbox 1618 401 1670 441; x_wconf 87' lang='lat' dir='ltr'>de</span> 
     </span>
     <span class='ocr_line' id='line_1_4' title="bbox 162 458 1669 514; baseline -0.003 -12"><span class='ocrx_word' id='word_1_29' title='bbox 162 460 359 514; x_wconf 88' lang='lat' dir='ltr'>Casteley</span> <span class='ocrx_word' id='word_1_30' title='bbox 391 493 399 502; x_wconf 88' lang='lat'><strong>.</strong></span> <span class='ocrx_word' id='word_1_31' title='bbox 431 494 439 502; x_wconf 94' lang='lat'><strong><em>.</em></strong></span> <span class='ocrx_word' id='word_1_32' title='bbox 471 493 480 502; x_wconf 92' lang='lat'><strong>.</strong></span> <span class='ocrx_word' id='word_1_33' title='bbox 512 461 616 501; x_wconf 80' lang='lat' dir='ltr'>fecit</span> <span class='ocrx_word' id='word_1_34' title='bbox 651 461 744 502; x_wconf 90' lang='lat' dir='ltr'>Deo</span> <span class='ocrx_word' id='word_1_35' title='bbox 774 494 783 502; x_wconf 87' lang='lat'><strong>.</strong></span> <span class='ocrx_word' id='word_1_36' title='bbox 816 494 824 502; x_wconf 92' lang='lat'><strong>.</strong></span> <span class='ocrx_word' id='word_1_37' title='bbox 856 493 865 502; x_wconf 95' lang='lat'><strong>.</strong></span> <span class='ocrx_word' id='word_1_38' title='bbox 897 460 948 501; x_wconf 90' lang='lat' dir='ltr'>de</span> <span class='ocrx_word' id='word_1_39' title='bbox 983 464 1074 500; x_wconf 92' lang='lat' dir='ltr'>toto</span> <span class='ocrx_word' id='word_1_40' title='bbox 1112 462 1236 513; x_wconf 88' lang='lat' dir='ltr'>prato</span> <span class='ocrx_word' id='word_1_41' title='bbox 1277 472 1365 507; x_wconf 91' lang='lat' dir='ltr'>suo,</span> <span class='ocrx_word' id='word_1_42' title='bbox 1401 471 1500 498; x_wconf 90' lang='lat' dir='ltr'>cum</span> <span class='ocrx_word' id='word_1_43' title='bbox 1540 458 1669 511; x_wconf 89' lang='lat' dir='ltr'>perti-</span> 
     </span>
     <span class='ocr_line' id='line_1_5' title="bbox 160 515 1669 570; baseline -0.001 -12"><span class='ocrx_word' id='word_1_44' title='bbox 160 518 337 568; x_wconf 89' lang='lat' dir='ltr'>nenciis,</span> <span class='ocrx_word' id='word_1_45' title='bbox 377 518 424 558; x_wconf 89' lang='lat' dir='ltr'>in</span> <span class='ocrx_word' id='word_1_46' title='bbox 455 518 760 560; x_wconf 90' lang='lat' dir='ltr'>Mensintona:</span> <span class='ocrx_word' id='word_1_47' title='bbox 800 518 1090 559; x_wconf 90' lang='lat' dir='ltr'>Donationem</span> <span class='ocrx_word' id='word_1_48' title='bbox 1119 549 1128 558; x_wconf 89' lang='lat'>.</span> <span class='ocrx_word' id='word_1_49' title='bbox 1160 549 1168 558; x_wconf 92' lang='lat'><strong>.</strong></span> <span class='ocrx_word' id='word_1_50' title='bbox 1202 549 1210 557; x_wconf 91' lang='lat'><strong>.</strong></span> <span class='ocrx_word' id='word_1_51' title='bbox 1243 529 1349 570; x_wconf 89' lang='lat' dir='ltr'>quas</span> <span class='ocrx_word' id='word_1_52' title='bbox 1386 516 1515 569; x_wconf 84' lang='lat' dir='ltr'>Hugo</span> <span class='ocrx_word' id='word_1_53' title='bbox 1555 515 1669 557; x_wconf 89' lang='lat' dir='ltr'>filius</span> 
     </span>
     <span class='ocr_line' id='line_1_6' title="bbox 159 573 1670 627; baseline -0.002 -11"><span class='ocrx_word' id='word_1_54' title='bbox 159 575 372 617; x_wconf 88' lang='lat' dir='ltr'>Willelmi</span> <span class='ocrx_word' id='word_1_55' title='bbox 402 576 454 617; x_wconf 90' lang='lat' dir='ltr'>de</span> <span class='ocrx_word' id='word_1_56' title='bbox 485 576 678 617; x_wconf 89' lang='lat' dir='ltr'>Lethelai</span> <span class='ocrx_word' id='word_1_57' title='bbox 707 609 716 618; x_wconf 91' lang='lat'><strong>.</strong></span> <span class='ocrx_word' id='word_1_58' title='bbox 749 608 758 617; x_wconf 88' lang='lat'><strong>.</strong></span> <span class='ocrx_word' id='word_1_59' title='bbox 789 609 798 618; x_wconf 92' lang='lat'>.</span> <span class='ocrx_word' id='word_1_60' title='bbox 830 576 933 617; x_wconf 88' lang='lat' dir='ltr'>fecit</span> <span class='ocrx_word' id='word_1_61' title='bbox 967 575 1060 616; x_wconf 89' lang='lat' dir='ltr'>Deo</span> <span class='ocrx_word' id='word_1_62' title='bbox 1091 607 1099 616; x_wconf 89' lang='lat'><strong>.</strong></span> <span class='ocrx_word' id='word_1_63' title='bbox 1132 607 1141 616; x_wconf 90' lang='lat'><strong>.</strong></span> <span class='ocrx_word' id='word_1_64' title='bbox 1171 608 1180 616; x_wconf 87' lang='lat'><strong>.</strong></span> <span class='ocrx_word' id='word_1_65' title='bbox 1213 574 1266 615; x_wconf 90' lang='lat' dir='ltr'>de</span> <span class='ocrx_word' id='word_1_66' title='bbox 1300 573 1376 613; x_wconf 89' lang='lat' dir='ltr'>illo</span> <span class='ocrx_word' id='word_1_67' title='bbox 1406 578 1540 627; x_wconf 89' lang='lat' dir='ltr'>prato,</span> <span class='ocrx_word' id='word_1_68' title='bbox 1571 587 1670 614; x_wconf 89' lang='lat' dir='ltr'>cum</span> 
     </span>
     <span class='ocr_line' id='line_1_7' title="bbox 159 631 1671 687; baseline -0.002 -13"><span class='ocrx_word' id='word_1_69' title='bbox 159 633 448 687; x_wconf 77' lang='lat' dir='ltr'>pertinenciis,</span> <span class='ocrx_word' id='word_1_70' title='bbox 483 633 530 674; x_wconf 91' lang='lat' dir='ltr'>in</span> <span class='ocrx_word' id='word_1_71' title='bbox 565 634 773 675; x_wconf 87' lang='lat' dir='ltr'>Baildona</span> <span class='ocrx_word' id='word_1_72' title='bbox 813 633 928 687; x_wconf 91' lang='lat' dir='ltr'>quod</span> <span class='ocrx_word' id='word_1_73' title='bbox 968 637 1032 674; x_wconf 85' lang='lat' dir='ltr'>est</span> <span class='ocrx_word' id='word_1_74' title='bbox 1067 633 1194 686; x_wconf 87' lang='lat' dir='ltr'>juxta</span> <span class='ocrx_word' id='word_1_75' title='bbox 1233 631 1445 673; x_wconf 86' lang='lat' dir='ltr'>sicketum</span> <span class='ocrx_word' id='word_1_76' title='bbox 1486 644 1512 671; x_wconf 90' lang='lat' dir='ltr'>a</span> <span class='ocrx_word' id='word_1_77' title='bbox 1550 636 1671 684; x_wconf 89' lang='lat' dir='ltr'>parte</span> 
     </span>
     <span class='ocr_line' id='line_1_8' title="bbox 159 689 1670 745; baseline -0.002 -13"><span class='ocrx_word' id='word_1_78' title='bbox 159 691 337 732; x_wconf 85' lang='lat' dir='ltr'>australi</span> <span class='ocrx_word' id='word_1_79' title='bbox 350 691 541 745; x_wconf 89' lang='lat' dir='ltr'>ejusdem</span> <span class='ocrx_word' id='word_1_80' title='bbox 557 692 732 733; x_wconf 88' lang='lat' dir='ltr'>sicketi:</span> <span class='ocrx_word' id='word_1_81' title='bbox 762 691 1051 732; x_wconf 89' lang='lat' dir='ltr'>Donationem</span> <span class='ocrx_word' id='word_1_82' title='bbox 1081 723 1090 732; x_wconf 83' lang='lat'><strong>.</strong></span> <span class='ocrx_word' id='word_1_83' title='bbox 1123 723 1131 731; x_wconf 93' lang='lat'><strong><em>.</em></strong></span> <span class='ocrx_word' id='word_1_84' title='bbox 1163 723 1172 731; x_wconf 91' lang='lat'><strong><em>.</em></strong></span> <span class='ocrx_word' id='word_1_85' title='bbox 1207 703 1312 743; x_wconf 88' lang='lat' dir='ltr'>quas</span> <span class='ocrx_word' id='word_1_86' title='bbox 1329 689 1541 730; x_wconf 84' lang='lat' dir='ltr'>Robertus</span> <span class='ocrx_word' id='word_1_87' title='bbox 1556 689 1670 730; x_wconf 90' lang='lat' dir='ltr'>filius</span> 
     </span>
     <span class='ocr_line' id='line_1_9' title="bbox 159 746 1672 801; baseline -0.001 -13"><span class='ocrx_word' id='word_1_88' title='bbox 159 748 371 790; x_wconf 77' lang='lat' dir='ltr'>Willelmi</span> <span class='ocrx_word' id='word_1_89' title='bbox 400 749 454 790; x_wconf 90' lang='lat' dir='ltr'>de</span> <span class='ocrx_word' id='word_1_90' title='bbox 489 750 809 791; x_wconf 89' lang='lat' dir='ltr'>Heucheswrde</span> <span class='ocrx_word' id='word_1_91' title='bbox 839 783 847 790; x_wconf 91' lang='lat'><em>.</em></span> <span class='ocrx_word' id='word_1_92' title='bbox 880 782 888 791; x_wconf 90' lang='lat'><strong>.</strong></span> <span class='ocrx_word' id='word_1_93' title='bbox 919 782 928 791; x_wconf 94' lang='lat'><strong>.</strong></span> <span class='ocrx_word' id='word_1_94' title='bbox 960 749 1063 789; x_wconf 88' lang='lat' dir='ltr'>fecit</span> <span class='ocrx_word' id='word_1_95' title='bbox 1092 748 1186 789; x_wconf 92' lang='lat' dir='ltr'>Deo</span> <span class='ocrx_word' id='word_1_96' title='bbox 1217 781 1225 789; x_wconf 92' lang='lat'><strong>.</strong></span> <span class='ocrx_word' id='word_1_97' title='bbox 1258 781 1266 788; x_wconf 88' lang='lat'>.</span> <span class='ocrx_word' id='word_1_98' title='bbox 1301 780 1308 788; x_wconf 91' lang='lat'><strong>.</strong></span> <span class='ocrx_word' id='word_1_99' title='bbox 1341 747 1393 788; x_wconf 91' lang='lat' dir='ltr'>de</span> <span class='ocrx_word' id='word_1_100' title='bbox 1414 750 1587 801; x_wconf 86' lang='lat' dir='ltr'>pastura</span> <span class='ocrx_word' id='word_1_101' title='bbox 1618 746 1672 787; x_wconf 89' lang='lat' dir='ltr'>ad</span> 
     </span>
     <span class='ocr_line' id='line_1_10' title="bbox 159 804 1672 861; baseline -0.001 -14"><span class='ocrx_word' id='word_1_102' title='bbox 159 810 334 848; x_wconf 91' lang='lat' dir='ltr'>centum</span> <span class='ocrx_word' id='word_1_103' title='bbox 364 821 475 856; x_wconf 88' lang='lat' dir='ltr'>oves,</span> <span class='ocrx_word' id='word_1_104' title='bbox 516 821 613 848; x_wconf 91' lang='lat' dir='ltr'>cum</span> <span class='ocrx_word' id='word_1_105' title='bbox 644 807 931 861; x_wconf 74' lang='lat' dir='ltr'>pertinenciis,</span> <span class='ocrx_word' id='word_1_106' title='bbox 962 806 1009 846; x_wconf 93' lang='lat' dir='ltr'>in</span> <span class='ocrx_word' id='word_1_107' title='bbox 1048 805 1377 854; x_wconf 83' lang='lat' dir='ltr'>Heucheswrde,</span> <span class='ocrx_word' id='word_1_108' title='bbox 1419 809 1462 845; x_wconf 93' lang='lat' dir='ltr'>et</span> <span class='ocrx_word' id='word_1_109' title='bbox 1492 804 1544 845; x_wconf 90' lang='lat' dir='ltr'>de</span> <span class='ocrx_word' id='word_1_110' title='bbox 1580 809 1672 845; x_wconf 91' lang='lat' dir='ltr'>toto</span> 
     </span>
     <span class='ocr_line' id='line_1_11' title="bbox 158 862 1672 919; baseline -0.003 -13"><span class='ocrx_word' id='word_1_111' title='bbox 158 868 293 918; x_wconf 89' lang='lat' dir='ltr'>prato,</span> <span class='ocrx_word' id='word_1_112' title='bbox 314 878 412 906; x_wconf 91' lang='lat' dir='ltr'>cum</span> <span class='ocrx_word' id='word_1_113' title='bbox 447 865 736 919; x_wconf 79' lang='lat' dir='ltr'>pertinenciis,</span> <span class='ocrx_word' id='word_1_114' title='bbox 766 865 880 919; x_wconf 89' lang='lat' dir='ltr'>quod</span> <span class='ocrx_word' id='word_1_115' title='bbox 914 864 1067 905; x_wconf 90' lang='lat' dir='ltr'>habuit</span> <span class='ocrx_word' id='word_1_116' title='bbox 1101 864 1147 904; x_wconf 91' lang='lat' dir='ltr'>in</span> <span class='ocrx_word' id='word_1_117' title='bbox 1179 863 1474 916; x_wconf 83' lang='lat' dir='ltr'>Bradhenges:</span> <span class='ocrx_word' id='word_1_118' title='bbox 1507 862 1672 903; x_wconf 87' lang='lat' dir='ltr'>Remis-</span> 
     </span>
     <span class='ocr_line' id='line_1_12' title="bbox 159 920 1672 976; baseline -0.002 -13"><span class='ocrx_word' id='word_1_119' title='bbox 159 922 323 963; x_wconf 88' lang='lat' dir='ltr'>sionem</span> <span class='ocrx_word' id='word_1_120' title='bbox 339 923 481 973; x_wconf 90' lang='lat' dir='ltr'>etiam,</span> <span class='ocrx_word' id='word_1_121' title='bbox 496 923 804 964; x_wconf 76' lang='lat' dir='ltr'>relaxationem</span> <span class='ocrx_word' id='word_1_122' title='bbox 820 928 863 964; x_wconf 91' lang='lat' dir='ltr'>et</span> <span class='ocrx_word' id='word_1_123' title='bbox 878 923 1067 976; x_wconf 87' lang='lat' dir='ltr'>quietam</span> <span class='ocrx_word' id='word_1_124' title='bbox 1089 921 1366 962; x_wconf 88' lang='lat' dir='ltr'>clamanciam</span> <span class='ocrx_word' id='word_1_125' title='bbox 1384 933 1488 974; x_wconf 90' lang='lat' dir='ltr'>quas</span> <span class='ocrx_word' id='word_1_126' title='bbox 1501 920 1672 961; x_wconf 87' lang='lat' dir='ltr'>Willel-</span> 
     </span>
     <span class='ocr_line' id='line_1_13' title="bbox 159 977 1673 1033; baseline -0.001 -13"><span class='ocrx_word' id='word_1_127' title='bbox 159 994 255 1021; x_wconf 89' lang='lat' dir='ltr'>mus</span> <span class='ocrx_word' id='word_1_128' title='bbox 291 980 343 1021; x_wconf 92' lang='lat' dir='ltr'>de</span> <span class='ocrx_word' id='word_1_129' title='bbox 374 981 646 1030; x_wconf 88' lang='lat' dir='ltr'>Kirckeston,</span> <span class='ocrx_word' id='word_1_130' title='bbox 667 981 802 1030; x_wconf 90' lang='lat' dir='ltr'>miles,</span> <span class='ocrx_word' id='word_1_131' title='bbox 822 980 937 1021; x_wconf 91' lang='lat' dir='ltr'>filius</span> <span class='ocrx_word' id='word_1_132' title='bbox 959 979 1113 1033; x_wconf 85' lang='lat' dir='ltr'>Rogeri</span> <span class='ocrx_word' id='word_1_133' title='bbox 1143 979 1194 1019; x_wconf 92' lang='lat' dir='ltr'>de</span> <span class='ocrx_word' id='word_1_134' title='bbox 1230 978 1478 1027; x_wconf 86' lang='lat' dir='ltr'>Kirkeston,</span> <span class='ocrx_word' id='word_1_135' title='bbox 1509 977 1673 1028; x_wconf 89' lang='lat' dir='ltr'>militis,</span> 
     </span>
     <span class='ocr_line' id='line_1_14' title="bbox 163 1035 1672 1091; baseline -0.001 -12"><span class='ocrx_word' id='word_1_136' title='bbox 163 1038 266 1079; x_wconf 79' lang='lat' dir='ltr'>fecit</span> <span class='ocrx_word' id='word_1_137' title='bbox 301 1039 464 1079; x_wconf 86' lang='lat' dir='ltr'>Abbati</span> <span class='ocrx_word' id='word_1_138' title='bbox 499 1043 542 1080; x_wconf 92' lang='lat' dir='ltr'>et</span> <span class='ocrx_word' id='word_1_139' title='bbox 581 1038 801 1080; x_wconf 90' lang='lat' dir='ltr'>monachis</span> <span class='ocrx_word' id='word_1_140' title='bbox 832 1037 1045 1091; x_wconf 68' lang='lat' dir='ltr'>praedictis</span> <span class='ocrx_word' id='word_1_141' title='bbox 1076 1037 1128 1077; x_wconf 91' lang='lat' dir='ltr'>de</span> <span class='ocrx_word' id='word_1_142' title='bbox 1169 1040 1259 1077; x_wconf 90' lang='lat' dir='ltr'>toto</span> <span class='ocrx_word' id='word_1_143' title='bbox 1296 1037 1390 1089; x_wconf 86' lang='lat' dir='ltr'>jure</span> <span class='ocrx_word' id='word_1_144' title='bbox 1433 1041 1476 1076; x_wconf 92' lang='lat' dir='ltr'>et</span> <span class='ocrx_word' id='word_1_145' title='bbox 1519 1035 1672 1077; x_wconf 87' lang='lat' dir='ltr'>clamio</span> 
     </span>
     <span class='ocr_line' id='line_1_15' title="bbox 162 1093 1672 1150; baseline -0.003 -13"><span class='ocrx_word' id='word_1_146' title='bbox 162 1109 258 1149; x_wconf 88' lang='lat' dir='ltr'>quae</span> <span class='ocrx_word' id='word_1_147' title='bbox 278 1095 432 1137; x_wconf 89' lang='lat' dir='ltr'>habuit</span> <span class='ocrx_word' id='word_1_148' title='bbox 451 1096 522 1137; x_wconf 89' lang='lat' dir='ltr'>vel</span> <span class='ocrx_word' id='word_1_149' title='bbox 542 1096 697 1137; x_wconf 87' lang='lat' dir='ltr'>habere</span> <span class='ocrx_word' id='word_1_150' title='bbox 717 1096 860 1150; x_wconf 88' lang='lat' dir='ltr'>potuit</span> <span class='ocrx_word' id='word_1_151' title='bbox 890 1096 937 1136; x_wconf 90' lang='lat' dir='ltr'>in</span> <span class='ocrx_word' id='word_1_152' title='bbox 967 1095 1165 1136; x_wconf 88' lang='lat' dir='ltr'>omnibus</span> <span class='ocrx_word' id='word_1_153' title='bbox 1196 1093 1319 1134; x_wconf 88' lang='lat' dir='ltr'>terris</span> <span class='ocrx_word' id='word_1_154' title='bbox 1341 1097 1383 1134; x_wconf 92' lang='lat' dir='ltr'>et</span> <span class='ocrx_word' id='word_1_155' title='bbox 1404 1093 1672 1143; x_wconf 85' lang='lat' dir='ltr'>tenementis,</span> 
     </span>
     <span class='ocr_line' id='line_1_16' title="bbox 161 1151 1674 1207; baseline -0.003 -13"><span class='ocrx_word' id='word_1_156' title='bbox 161 1154 309 1207; x_wconf 89' lang='lat' dir='ltr'>pratis,</span> <span class='ocrx_word' id='word_1_157' title='bbox 329 1154 470 1203; x_wconf 90' lang='lat' dir='ltr'>moris,</span> <span class='ocrx_word' id='word_1_158' title='bbox 499 1155 648 1206; x_wconf 86' lang='lat' dir='ltr'>vastis,</span> <span class='ocrx_word' id='word_1_159' title='bbox 681 1154 816 1195; x_wconf 87' lang='lat' dir='ltr'>boscis</span> <span class='ocrx_word' id='word_1_160' title='bbox 852 1157 896 1195; x_wconf 91' lang='lat' dir='ltr'>et</span> <span class='ocrx_word' id='word_1_161' title='bbox 934 1152 1134 1206; x_wconf 89' lang='lat' dir='ltr'>pasturis,</span> <span class='ocrx_word' id='word_1_162' title='bbox 1170 1165 1268 1192; x_wconf 92' lang='lat' dir='ltr'>cum</span> <span class='ocrx_word' id='word_1_163' title='bbox 1302 1151 1595 1204; x_wconf 87' lang='lat' dir='ltr'>pertinenciis,</span> <span class='ocrx_word' id='word_1_164' title='bbox 1627 1151 1674 1191; x_wconf 90' lang='lat' dir='ltr'>in</span> 
     </span>
     <span class='ocr_line' id='line_1_17' title="bbox 161 1209 1674 1265; baseline -0.003 -13"><span class='ocrx_word' id='word_1_165' title='bbox 161 1211 370 1253; x_wconf 82' lang='lat' dir='ltr'>Swaldale</span> <span class='ocrx_word' id='word_1_166' title='bbox 391 1226 487 1265; x_wconf 84' lang='lat' dir='ltr'>quae</span> <span class='ocrx_word' id='word_1_167' title='bbox 507 1212 638 1253; x_wconf 90' lang='lat' dir='ltr'>iidem</span> <span class='ocrx_word' id='word_1_168' title='bbox 661 1212 803 1252; x_wconf 90' lang='lat' dir='ltr'>Abbas</span> <span class='ocrx_word' id='word_1_169' title='bbox 825 1215 868 1252; x_wconf 91' lang='lat' dir='ltr'>et</span> <span class='ocrx_word' id='word_1_170' title='bbox 888 1210 1086 1251; x_wconf 89' lang='lat' dir='ltr'>monachi</span> <span class='ocrx_word' id='word_1_171' title='bbox 1107 1209 1268 1250; x_wconf 89' lang='lat' dir='ltr'>habent</span> <span class='ocrx_word' id='word_1_172' title='bbox 1301 1222 1352 1248; x_wconf 77' lang='lat' dir='ltr'>ex</span> <span class='ocrx_word' id='word_1_173' title='bbox 1384 1209 1494 1249; x_wconf 89' lang='lat' dir='ltr'>dono</span> <span class='ocrx_word' id='word_1_174' title='bbox 1516 1212 1559 1249; x_wconf 90' lang='lat' dir='ltr'>et</span> <span class='ocrx_word' id='word_1_175' title='bbox 1580 1222 1674 1249; x_wconf 90' lang='lat' dir='ltr'>con-</span> 
     </span>
     <span class='ocr_line' id='line_1_18' title="bbox 163 1266 1675 1316; baseline -0.003 -6"><span class='ocrx_word' id='word_1_176' title='bbox 163 1270 352 1310; x_wconf 89' lang='lat' dir='ltr'>cessione</span> <span class='ocrx_word' id='word_1_177' title='bbox 385 1270 570 1311; x_wconf 89' lang='lat' dir='ltr'>Gilberti</span> <span class='ocrx_word' id='word_1_178' title='bbox 590 1269 668 1310; x_wconf 86' lang='lat' dir='ltr'>filii</span> <span class='ocrx_word' id='word_1_179' title='bbox 694 1269 878 1310; x_wconf 86' lang='lat' dir='ltr'>Gilberti</span> <span class='ocrx_word' id='word_1_180' title='bbox 905 1268 956 1309; x_wconf 88' lang='lat' dir='ltr'>de</span> <span class='ocrx_word' id='word_1_181' title='bbox 979 1268 1137 1316; x_wconf 84' lang='lat' dir='ltr'>Gaunt,</span> <span class='ocrx_word' id='word_1_182' title='bbox 1157 1267 1270 1307; x_wconf 78' lang='lat' dir='ltr'>infra</span> <span class='ocrx_word' id='word_1_183' title='bbox 1291 1271 1426 1307; x_wconf 86' lang='lat' dir='ltr'>certas</span> <span class='ocrx_word' id='word_1_184' title='bbox 1448 1266 1607 1307; x_wconf 87' lang='lat' dir='ltr'>divisas</span> <span class='ocrx_word' id='word_1_185' title='bbox 1628 1266 1675 1306; x_wconf 89' lang='lat' dir='ltr'>in</span> 
     </span>
     <span class='ocr_line' id='line_1_19' title="bbox 162 1323 1675 1381; baseline -0.003 -14"><span class='ocrx_word' id='word_1_186' title='bbox 162 1327 312 1368; x_wconf 92' lang='lat' dir='ltr'>eodem</span> <span class='ocrx_word' id='word_1_187' title='bbox 342 1327 501 1381; x_wconf 90' lang='lat' dir='ltr'>scripto</span> <span class='ocrx_word' id='word_1_188' title='bbox 532 1330 774 1368; x_wconf 90' lang='lat' dir='ltr'>contentas:</span> <span class='ocrx_word' id='word_1_189' title='bbox 818 1326 1131 1367; x_wconf 87' lang='lat' dir='ltr'>Remissionem</span> <span class='ocrx_word' id='word_1_190' title='bbox 1160 1324 1346 1377; x_wconf 84' lang='lat' dir='ltr'>insuper,</span> <span class='ocrx_word' id='word_1_191' title='bbox 1366 1323 1675 1364; x_wconf 83' lang='lat' dir='ltr'>relaxationem</span> 
     </span>
     <span class='ocr_line' id='line_1_20' title="bbox 163 1381 1675 1438; baseline -0.003 -12"><span class='ocrx_word' id='word_1_192' title='bbox 163 1389 207 1426; x_wconf 92' lang='lat' dir='ltr'>et</span> <span class='ocrx_word' id='word_1_193' title='bbox 236 1385 428 1438; x_wconf 86' lang='lat' dir='ltr'>quietam</span> <span class='ocrx_word' id='word_1_194' title='bbox 465 1385 745 1426; x_wconf 87' lang='lat' dir='ltr'>clamanciam</span> <span class='ocrx_word' id='word_1_195' title='bbox 774 1397 880 1438; x_wconf 91' lang='lat' dir='ltr'>quas</span> <span class='ocrx_word' id='word_1_196' title='bbox 901 1383 1146 1424; x_wconf 52' lang='lat' dir='ltr'>XVillelmus</span> <span class='ocrx_word' id='word_1_197' title='bbox 1178 1382 1230 1423; x_wconf 90' lang='lat' dir='ltr'>de</span> <span class='ocrx_word' id='word_1_198' title='bbox 1251 1381 1451 1436; x_wconf 83' lang='lat' dir='ltr'>Wyerne,</span> <span class='ocrx_word' id='word_1_199' title='bbox 1486 1381 1600 1422; x_wconf 88' lang='lat' dir='ltr'>filius</span> <span class='ocrx_word' id='word_1_200' title='bbox 1633 1386 1675 1423; x_wconf 88' lang='lat' dir='ltr'>et</span> 
     </span>
     <span class='ocr_line' id='line_1_21' title="bbox 162 1439 1675 1496; baseline -0.003 -12"><span class='ocrx_word' id='word_1_201' title='bbox 162 1442 297 1484; x_wconf 85' lang='lat' dir='ltr'>haeres</span> <span class='ocrx_word' id='word_1_202' title='bbox 319 1443 497 1484; x_wconf 86' lang='lat' dir='ltr'>Roberti</span> <span class='ocrx_word' id='word_1_203' title='bbox 528 1443 579 1484; x_wconf 90' lang='lat' dir='ltr'>de</span> <span class='ocrx_word' id='word_1_204' title='bbox 600 1443 798 1496; x_wconf 84' lang='lat' dir='ltr'>Wyerne,</span> <span class='ocrx_word' id='word_1_205' title='bbox 820 1441 922 1483; x_wconf 81' lang='lat' dir='ltr'>fecit</span> <span class='ocrx_word' id='word_1_206' title='bbox 943 1440 1107 1482; x_wconf 88' lang='lat' dir='ltr'>Abbati</span> <span class='ocrx_word' id='word_1_207' title='bbox 1138 1443 1180 1481; x_wconf 91' lang='lat' dir='ltr'>et</span> <span class='ocrx_word' id='word_1_208' title='bbox 1210 1439 1430 1480; x_wconf 85' lang='lat' dir='ltr'>monachis</span> <span class='ocrx_word' id='word_1_209' title='bbox 1461 1439 1675 1492; x_wconf 67' lang='lat' dir='ltr'>praedictis</span> 
     </span>
     <span class='ocr_line' id='line_1_22' title="bbox 162 1497 1677 1554; baseline -0.003 -13"><span class='ocrx_word' id='word_1_210' title='bbox 162 1500 214 1541; x_wconf 90' lang='lat' dir='ltr'>de</span> <span class='ocrx_word' id='word_1_211' title='bbox 244 1504 334 1541; x_wconf 91' lang='lat' dir='ltr'>toto</span> <span class='ocrx_word' id='word_1_212' title='bbox 369 1501 466 1554; x_wconf 87' lang='lat' dir='ltr'>jure</span> <span class='ocrx_word' id='word_1_213' title='bbox 502 1505 545 1541; x_wconf 92' lang='lat' dir='ltr'>et</span> <span class='ocrx_word' id='word_1_214' title='bbox 575 1500 728 1542; x_wconf 89' lang='lat' dir='ltr'>clamio</span> <span class='ocrx_word' id='word_1_215' title='bbox 759 1513 854 1554; x_wconf 86' lang='lat' dir='ltr'>quae</span> <span class='ocrx_word' id='word_1_216' title='bbox 885 1499 1037 1540; x_wconf 88' lang='lat' dir='ltr'>habuit</span> <span class='ocrx_word' id='word_1_217' title='bbox 1066 1498 1136 1539; x_wconf 91' lang='lat' dir='ltr'>vel</span> <span class='ocrx_word' id='word_1_218' title='bbox 1165 1498 1320 1538; x_wconf 88' lang='lat' dir='ltr'>habere</span> <span class='ocrx_word' id='word_1_219' title='bbox 1350 1498 1492 1551; x_wconf 87' lang='lat' dir='ltr'>potuit</span> <span class='ocrx_word' id='word_1_220' title='bbox 1522 1497 1568 1537; x_wconf 88' lang='lat' dir='ltr'>in</span> <span class='ocrx_word' id='word_1_221' title='bbox 1589 1511 1677 1538; x_wconf 88' lang='lat' dir='ltr'>una</span> 
     </span>
     <span class='ocr_line' id='line_1_23' title="bbox 160 1555 1677 1612; baseline -0.003 -13"><span class='ocrx_word' id='word_1_222' title='bbox 160 1557 309 1611; x_wconf 89' lang='lat' dir='ltr'>placea</span> <span class='ocrx_word' id='word_1_223' title='bbox 342 1559 466 1612; x_wconf 88' lang='lat' dir='ltr'>prati,</span> <span class='ocrx_word' id='word_1_224' title='bbox 502 1572 601 1600; x_wconf 89' lang='lat' dir='ltr'>cum</span> <span class='ocrx_word' id='word_1_225' title='bbox 635 1557 924 1612; x_wconf 86' lang='lat' dir='ltr'>pertinenciis,</span> <span class='ocrx_word' id='word_1_226' title='bbox 958 1557 1006 1597; x_wconf 89' lang='lat' dir='ltr'>in</span> <span class='ocrx_word' id='word_1_227' title='bbox 1041 1557 1246 1610; x_wconf 80' lang='lat' dir='ltr'>Kaytona</span> <span class='ocrx_word' id='word_1_228' title='bbox 1282 1569 1378 1609; x_wconf 83' lang='lat' dir='ltr'>quae</span> <span class='ocrx_word' id='word_1_229' title='bbox 1414 1555 1529 1608; x_wconf 85' lang='lat' dir='ltr'>jacet</span> <span class='ocrx_word' id='word_1_230' title='bbox 1563 1555 1677 1596; x_wconf 90' lang='lat' dir='ltr'>inter</span> 
     </span>
     <span class='ocr_line' id='line_1_24' title="bbox 160 1613 1677 1670; baseline -0.001 -14"><span class='ocrx_word' id='word_1_231' title='bbox 160 1619 333 1669; x_wconf 89' lang='lat' dir='ltr'>pratum</span> <span class='ocrx_word' id='word_1_232' title='bbox 368 1616 503 1670; x_wconf 90' lang='lat' dir='ltr'>ipsius</span> <span class='ocrx_word' id='word_1_233' title='bbox 538 1616 751 1657; x_wconf 89' lang='lat' dir='ltr'>Willelmi</span> <span class='ocrx_word' id='word_1_234' title='bbox 790 1620 833 1656; x_wconf 90' lang='lat' dir='ltr'>et</span> <span class='ocrx_word' id='word_1_235' title='bbox 872 1618 1044 1669; x_wconf 89' lang='lat' dir='ltr'>pratum</span> <span class='ocrx_word' id='word_1_236' title='bbox 1083 1614 1383 1668; x_wconf 76' lang='lat' dir='ltr'>praedictorum</span> <span class='ocrx_word' id='word_1_237' title='bbox 1415 1613 1597 1654; x_wconf 87' lang='lat' dir='ltr'>Abbatis</span> <span class='ocrx_word' id='word_1_238' title='bbox 1634 1617 1677 1654; x_wconf 88' lang='lat' dir='ltr'>et</span> 
     </span>
     <span class='ocr_line' id='line_1_25' title="bbox 161 1671 1675 1728; baseline -0.003 -14"><span class='ocrx_word' id='word_1_239' title='bbox 161 1674 466 1714; x_wconf 86' lang='lat' dir='ltr'>monachorum</span> <span class='ocrx_word' id='word_1_240' title='bbox 501 1674 615 1728; x_wconf 84' lang='lat' dir='ltr'>quod</span> <span class='ocrx_word' id='word_1_241' title='bbox 649 1677 827 1715; x_wconf 87' lang='lat' dir='ltr'>vocatur</span> <span class='ocrx_word' id='word_1_242' title='bbox 860 1673 901 1714; x_wconf 89' lang='lat' dir='ltr'>le</span> <span class='ocrx_word' id='word_1_243' title='bbox 936 1673 1148 1726; x_wconf 81' lang='lat' dir='ltr'>Foreeng:</span> <span class='ocrx_word' id='word_1_244' title='bbox 1185 1671 1497 1712; x_wconf 83' lang='lat' dir='ltr'>Remissionem</span> <span class='ocrx_word' id='word_1_245' title='bbox 1533 1671 1675 1720; x_wconf 87' lang='lat' dir='ltr'>etiam,</span> 
     </span>
     <span class='ocr_line' id='line_1_26' title="bbox 158 1728 1676 1786; baseline -0.001 -15"><span class='ocrx_word' id='word_1_246' title='bbox 158 1731 465 1773; x_wconf 80' lang='lat' dir='ltr'>relaxationem</span> <span class='ocrx_word' id='word_1_247' title='bbox 495 1737 538 1772; x_wconf 90' lang='lat' dir='ltr'>et</span> <span class='ocrx_word' id='word_1_248' title='bbox 568 1731 759 1786; x_wconf 86' lang='lat' dir='ltr'>quietam</span> <span class='ocrx_word' id='word_1_249' title='bbox 795 1731 1073 1772; x_wconf 89' lang='lat' dir='ltr'>clamanciam</span> <span class='ocrx_word' id='word_1_250' title='bbox 1103 1743 1209 1783; x_wconf 89' lang='lat' dir='ltr'>quas</span> <span class='ocrx_word' id='word_1_251' title='bbox 1230 1729 1450 1769; x_wconf 77' lang='lat' dir='ltr'>walterus</span> <span class='ocrx_word' id='word_1_252' title='bbox 1481 1728 1532 1769; x_wconf 91' lang='lat' dir='ltr'>de</span> <span class='ocrx_word' id='word_1_253' title='bbox 1565 1729 1676 1770; x_wconf 87' lang='lat' dir='ltr'>Hes-</span> 
     </span>
     <span class='ocr_line' id='line_1_27' title="bbox 161 1786 1677 1839; baseline -0.003 -9"><span class='ocrx_word' id='word_1_254' title='bbox 161 1789 339 1839; x_wconf 91' lang='lat' dir='ltr'>lertona,</span> <span class='ocrx_word' id='word_1_255' title='bbox 360 1790 574 1830; x_wconf 91' lang='lat' dir='ltr'>Dominus</span> <span class='ocrx_word' id='word_1_256' title='bbox 600 1790 657 1830; x_wconf 55' lang='lat' dir='ltr'>*de</span> <span class='ocrx_word' id='word_1_257' title='bbox 691 1789 814 1839; x_wconf 88' lang='lat' dir='ltr'>Dale‚</span> <span class='ocrx_word' id='word_1_258' title='bbox 836 1789 949 1830; x_wconf 91' lang='lat' dir='ltr'>filius</span> <span class='ocrx_word' id='word_1_259' title='bbox 986 1792 1029 1829; x_wconf 92' lang='lat' dir='ltr'>et</span> <span class='ocrx_word' id='word_1_260' title='bbox 1060 1788 1193 1828; x_wconf 84' lang='lat' dir='ltr'>haeres</span> <span class='ocrx_word' id='word_1_261' title='bbox 1225 1788 1254 1828; x_wconf 79' lang='lat' dir='ltr'>J</span> <span class='ocrx_word' id='word_1_262' title='bbox 1258 1787 1438 1827; x_wconf 87' lang='lat' dir='ltr'>ohannis</span> <span class='ocrx_word' id='word_1_263' title='bbox 1470 1786 1521 1827; x_wconf 89' lang='lat' dir='ltr'>de</span> <span class='ocrx_word' id='word_1_264' title='bbox 1551 1786 1677 1827; x_wconf 88' lang='lat' dir='ltr'>West</span> 
     </span>
     <span class='ocr_line' id='line_1_28' title="bbox 164 1844 1677 1899; baseline -0.003 -11"><span class='ocrx_word' id='word_1_265' title='bbox 164 1847 421 1888; x_wconf 87' lang='lat' dir='ltr'>Heslertona</span> <span class='ocrx_word' id='word_1_266' title='bbox 455 1851 497 1888; x_wconf 92' lang='lat' dir='ltr'>et</span> <span class='ocrx_word' id='word_1_267' title='bbox 533 1847 806 1898; x_wconf 68' lang='lat' dir='ltr'>Elizabefflae,</span> <span class='ocrx_word' id='word_1_268' title='bbox 842 1847 989 1887; x_wconf 85' lang='lat' dir='ltr'>uxoris</span> <span class='ocrx_word' id='word_1_269' title='bbox 1030 1846 1133 1899; x_wconf 87' lang='lat' dir='ltr'>ejus,</span> <span class='ocrx_word' id='word_1_270' title='bbox 1164 1879 1172 1886; x_wconf 94' lang='lat'><strong>.</strong></span> <span class='ocrx_word' id='word_1_271' title='bbox 1205 1878 1213 1886; x_wconf 86' lang='lat'><strong>.</strong></span> <span class='ocrx_word' id='word_1_272' title='bbox 1246 1878 1254 1885; x_wconf 92' lang='lat'><strong>.</strong></span> <span class='ocrx_word' id='word_1_273' title='bbox 1287 1845 1391 1885; x_wconf 84' lang='lat' dir='ltr'>fecit</span> <span class='ocrx_word' id='word_1_274' title='bbox 1431 1844 1593 1884; x_wconf 87' lang='lat' dir='ltr'>Abbati</span> <span class='ocrx_word' id='word_1_275' title='bbox 1634 1848 1677 1885; x_wconf 92' lang='lat' dir='ltr'>et</span> 
     </span>
     <span class='ocr_line' id='line_1_29' title="bbox 163 1902 1676 1959; baseline -0.002 -15"><span class='ocrx_word' id='word_1_276' title='bbox 163 1905 384 1946; x_wconf 89' lang='lat' dir='ltr'>monachis</span> <span class='ocrx_word' id='word_1_277' title='bbox 420 1906 636 1959; x_wconf 77' lang='lat' dir='ltr'>praedictis</span> <span class='ocrx_word' id='word_1_278' title='bbox 672 1906 724 1946; x_wconf 89' lang='lat' dir='ltr'>de</span> <span class='ocrx_word' id='word_1_279' title='bbox 760 1905 945 1959; x_wconf 87' lang='lat' dir='ltr'>quodam</span> <span class='ocrx_word' id='word_1_280' title='bbox 983 1917 1125 1944; x_wconf 89' lang='lat' dir='ltr'>annuo</span> <span class='ocrx_word' id='word_1_281' title='bbox 1161 1903 1333 1944; x_wconf 85' lang='lat' dir='ltr'>redditu</span> <span class='ocrx_word' id='word_1_282' title='bbox 1363 1902 1520 1955; x_wconf 85' lang='lat' dir='ltr'>viginti</span> <span class='ocrx_word' id='word_1_283' title='bbox 1551 1902 1676 1942; x_wconf 89' lang='lat' dir='ltr'>solid-</span> 
     </span>
     <span class='ocr_line' id='line_1_30' title="bbox 163 1960 1677 2016; baseline -0.002 -13"><span class='ocrx_word' id='word_1_284' title='bbox 163 1976 286 2003; x_wconf 89' lang='lat' dir='ltr'>orum</span> <span class='ocrx_word' id='word_1_285' title='bbox 307 1963 352 2003; x_wconf 89' lang='lat' dir='ltr'>in</span> <span class='ocrx_word' id='word_1_286' title='bbox 369 1963 494 2004; x_wconf 91' lang='lat' dir='ltr'>West</span> <span class='ocrx_word' id='word_1_287' title='bbox 514 1964 772 2004; x_wconf 87' lang='lat' dir='ltr'>Heslertona</span> <span class='ocrx_word' id='word_1_288' title='bbox 790 1963 968 2016; x_wconf 79' lang='lat' dir='ltr'>2—[Nos</span> <span class='ocrx_word' id='word_1_289' title='bbox 990 1965 1134 2002; x_wconf 90' lang='lat' dir='ltr'>autem</span> <span class='ocrx_word' id='word_1_290' title='bbox 1155 1961 1252 2014; x_wconf 76' lang='lat' dir='ltr'>etc]</span> <span class='ocrx_word' id='word_1_291' title='bbox 1270 1965 1383 2000; x_wconf 87' lang='lat' dir='ltr'>ratas</span> <span class='ocrx_word' id='word_1_292' title='bbox 1404 1960 1612 2001; x_wconf 88' lang='lat' dir='ltr'>habentes</span> <span class='ocrx_word' id='word_1_293' title='bbox 1634 1964 1677 2001; x_wconf 89' lang='lat' dir='ltr'>et</span> 
     </span>
     <span class='ocr_line' id='line_1_31' title="bbox 162 2018 1676 2075; baseline -0.002 -14"><span class='ocrx_word' id='word_1_294' title='bbox 162 2025 314 2074; x_wconf 85' lang='lat' dir='ltr'>gratas,</span> <span class='ocrx_word' id='word_1_295' title='bbox 344 2035 421 2075; x_wconf 91' lang='lat' dir='ltr'>pro</span> <span class='ocrx_word' id='word_1_296' title='bbox 452 2021 574 2062; x_wconf 88' lang='lat' dir='ltr'>nobis</span> <span class='ocrx_word' id='word_1_297' title='bbox 606 2026 649 2062; x_wconf 92' lang='lat' dir='ltr'>et</span> <span class='ocrx_word' id='word_1_298' title='bbox 676 2021 916 2061; x_wconf 85' lang='lat' dir='ltr'>haeredibus</span> <span class='ocrx_word' id='word_1_299' title='bbox 937 2019 1106 2068; x_wconf 89' lang='lat' dir='ltr'>nostris,</span> <span class='ocrx_word' id='word_1_300' title='bbox 1127 2026 1337 2072; x_wconf 83' lang='lat' dir='ltr'>quantum</span> <span class='ocrx_word' id='word_1_301' title='bbox 1368 2019 1414 2058; x_wconf 88' lang='lat' dir='ltr'>in</span> <span class='ocrx_word' id='word_1_302' title='bbox 1445 2018 1568 2058; x_wconf 91' lang='lat' dir='ltr'>nobis</span> <span class='ocrx_word' id='word_1_303' title='bbox 1600 2022 1676 2067; x_wconf 86' lang='lat' dir='ltr'>est,</span> 
     </span>
     <span class='ocr_line' id='line_1_32' title="bbox 162 2075 1677 2126; baseline -0.002 -8"><span class='ocrx_word' id='word_1_304' title='bbox 162 2078 331 2119; x_wconf 86' lang='lat' dir='ltr'>dilectis</span> <span class='ocrx_word' id='word_1_305' title='bbox 353 2079 476 2119; x_wconf 88' lang='lat' dir='ltr'>nobis</span> <span class='ocrx_word' id='word_1_306' title='bbox 498 2079 544 2119; x_wconf 90' lang='lat' dir='ltr'>in</span> <span class='ocrx_word' id='word_1_307' title='bbox 577 2079 749 2120; x_wconf 86' lang='lat' dir='ltr'>Christo</span> <span class='ocrx_word' id='word_1_308' title='bbox 775 2078 1008 2126; x_wconf 87' lang='lat' dir='ltr'>Willelmo‚</span> <span class='ocrx_word' id='word_1_309' title='bbox 1030 2090 1145 2117; x_wconf 89' lang='lat' dir='ltr'>nunc</span> <span class='ocrx_word' id='word_1_310' title='bbox 1165 2076 1338 2125; x_wconf 86' lang='lat' dir='ltr'>Abbati,</span> <span class='ocrx_word' id='word_1_311' title='bbox 1360 2079 1402 2116; x_wconf 89' lang='lat' dir='ltr'>et</span> <span class='ocrx_word' id='word_1_312' title='bbox 1433 2075 1677 2116; x_wconf 89' lang='lat' dir='ltr'>Conventui</span> 
     </span>
     <span class='ocr_line' id='line_1_33' title="bbox 163 2133 1676 2189; baseline -0.002 -13"><span class='ocrx_word' id='word_1_313' title='bbox 163 2135 355 2189; x_wconf 88' lang='lat' dir='ltr'>ejusdem</span> <span class='ocrx_word' id='word_1_314' title='bbox 376 2136 459 2177; x_wconf 89' lang='lat' dir='ltr'>loci</span> <span class='ocrx_word' id='word_1_315' title='bbox 495 2137 547 2177; x_wconf 90' lang='lat' dir='ltr'>de</span> <span class='ocrx_word' id='word_1_316' title='bbox 577 2136 782 2184; x_wconf 84' lang='lat' dir='ltr'>Rievalle,</span> <span class='ocrx_word' id='word_1_317' title='bbox 803 2146 846 2177; x_wconf 86' lang='lat' dir='ltr'>et</span> <span class='ocrx_word' id='word_1_318' title='bbox 877 2149 1022 2177; x_wconf 89' lang='lat' dir='ltr'>eorum</span> <span class='ocrx_word' id='word_1_319' title='bbox 1058 2134 1382 2183; x_wconf 88' lang='lat' dir='ltr'>successoribus,</span> <span class='ocrx_word' id='word_1_320' title='bbox 1404 2133 1676 2174; x_wconf 88' lang='lat' dir='ltr'>concedimus</span> 
     </span>
     <span class='ocr_line' id='line_1_34' title="bbox 163 2191 1677 2246; baseline -0.002 -12"><span class='ocrx_word' id='word_1_321' title='bbox 163 2198 208 2234; x_wconf 90' lang='lat' dir='ltr'>et</span> <span class='ocrx_word' id='word_1_322' title='bbox 238 2194 550 2243; x_wconf 88' lang='lat' dir='ltr'>confirmamus,</span> <span class='ocrx_word' id='word_1_323' title='bbox 572 2195 684 2235; x_wconf 87' lang='lat' dir='ltr'>sicut</span> <span class='ocrx_word' id='word_1_324' title='bbox 715 2198 840 2234; x_wconf 84' lang='lat' dir='ltr'>cartae</span> <span class='ocrx_word' id='word_1_325' title='bbox 871 2198 915 2234; x_wconf 91' lang='lat' dir='ltr'>et</span> <span class='ocrx_word' id='word_1_326' title='bbox 945 2193 1104 2246; x_wconf 89' lang='lat' dir='ltr'>scripta</span> <span class='ocrx_word' id='word_1_327' title='bbox 1133 2192 1336 2246; x_wconf 77' lang='lat' dir='ltr'>praedicta</span> <span class='ocrx_word' id='word_1_328' title='bbox 1366 2191 1677 2232; x_wconf 83' lang='lat' dir='ltr'>rationabiliter</span> 
     </span>
     <span class='ocr_line' id='line_1_35' title="bbox 164 2251 1674 2306; baseline -0.001 -15"><span class='ocrx_word' id='word_1_329' title='bbox 164 2256 390 2301; x_wconf 86' lang='lat' dir='ltr'>testantur,</span> <span class='ocrx_word' id='word_1_330' title='bbox 413 2257 455 2293; x_wconf 93' lang='lat' dir='ltr'>et</span> <span class='ocrx_word' id='word_1_331' title='bbox 485 2257 613 2306; x_wconf 89' lang='lat' dir='ltr'>prout</span> <span class='ocrx_word' id='word_1_332' title='bbox 643 2252 774 2292; x_wconf 87' lang='lat' dir='ltr'>iidem</span> <span class='ocrx_word' id='word_1_333' title='bbox 795 2252 941 2292; x_wconf 89' lang='lat' dir='ltr'>Abbas</span> <span class='ocrx_word' id='word_1_334' title='bbox 973 2257 1016 2292; x_wconf 90' lang='lat' dir='ltr'>et</span> <span class='ocrx_word' id='word_1_335' title='bbox 1048 2251 1293 2292; x_wconf 87' lang='lat' dir='ltr'>Conventus</span> <span class='ocrx_word' id='word_1_336' title='bbox 1323 2253 1455 2290; x_wconf 86' lang='lat' dir='ltr'>terras</span> <span class='ocrx_word' id='word_1_337' title='bbox 1484 2254 1527 2290; x_wconf 92' lang='lat' dir='ltr'>et</span> <span class='ocrx_word' id='word_1_338' title='bbox 1559 2253 1674 2290; x_wconf 89' lang='lat' dir='ltr'>tene-</span> 
     </span>
     <span class='ocr_line' id='line_1_36' title="bbox 164 2307 1675 2363; baseline -0.001 -15"><span class='ocrx_word' id='word_1_339' title='bbox 164 2314 311 2349; x_wconf 89' lang='lat' dir='ltr'>menta</span> <span class='ocrx_word' id='word_1_340' title='bbox 345 2310 550 2363; x_wconf 74' lang='lat' dir='ltr'>praedicta</span> <span class='ocrx_word' id='word_1_341' title='bbox 588 2310 714 2350; x_wconf 86' lang='lat' dir='ltr'>modo</span> <span class='ocrx_word' id='word_1_342' title='bbox 754 2313 915 2357; x_wconf 87' lang='lat' dir='ltr'>tenent,</span> <span class='ocrx_word' id='word_1_343' title='bbox 955 2309 1122 2362; x_wconf 89' lang='lat' dir='ltr'>ipsique</span> <span class='ocrx_word' id='word_1_344' title='bbox 1163 2313 1206 2349; x_wconf 91' lang='lat' dir='ltr'>et</span> <span class='ocrx_word' id='word_1_345' title='bbox 1245 2307 1570 2361; x_wconf 61' lang='lat' dir='ltr'>praedecessores</span> <span class='ocrx_word' id='word_1_346' title='bbox 1607 2308 1675 2348; x_wconf 91' lang='lat' dir='ltr'>sui</span> 
     </span>
     <span class='ocr_line' id='line_1_37' title="bbox 165 2366 1674 2420; baseline 0 -14"><span class='ocrx_word' id='word_1_347' title='bbox 165 2367 373 2408; x_wconf 89' lang='lat' dir='ltr'>hactenus</span> <span class='ocrx_word' id='word_1_348' title='bbox 409 2367 721 2408; x_wconf 86' lang='lat' dir='ltr'>rationabiliter</span> <span class='ocrx_word' id='word_1_349' title='bbox 750 2371 993 2408; x_wconf 84' lang='lat' dir='ltr'>tenuerunt.</span> <span class='ocrx_word' id='word_1_350' title='bbox 1055 2367 1109 2406; x_wconf 90' lang='lat' dir='ltr'>In</span> <span class='ocrx_word' id='word_1_351' title='bbox 1149 2366 1271 2420; x_wconf 81' lang='lat' dir='ltr'>cujus</span> <span class='ocrx_word' id='word_1_352' title='bbox 1310 2366 1372 2406; x_wconf 90' lang='lat' dir='ltr'>rei</span> <span class='ocrx_word' id='word_1_353' title='bbox 1412 2369 1488 2407; x_wconf 91' lang='lat' dir='ltr'>etc.</span> <span class='ocrx_word' id='word_1_354' title='bbox 1550 2366 1674 2406; x_wconf 87' lang='lat' dir='ltr'>Teste</span> 
     </span>
     <span class='ocr_line' id='line_1_38' title="bbox 165 2424 1147 2480; baseline -0.001 -16"><span class='ocrx_word' id='word_1_355' title='bbox 165 2425 303 2478; x_wconf 81' lang='lat' dir='ltr'>Rege3</span> <span class='ocrx_word' id='word_1_356' title='bbox 333 2425 448 2480; x_wconf 89' lang='lat' dir='ltr'>apud</span> <span class='ocrx_word' id='word_1_357' title='bbox 472 2425 742 2473; x_wconf 85' lang='lat' dir='ltr'>Wodestoke‚</span> <span class='ocrx_word' id='word_1_358' title='bbox 764 2425 901 2465; x_wconf 83' lang='lat' dir='ltr'>xxviii</span> <span class='ocrx_word' id='word_1_359' title='bbox 923 2425 990 2465; x_wconf 90' lang='lat' dir='ltr'>die</span> <span class='ocrx_word' id='word_1_360' title='bbox 1011 2425 1040 2465; x_wconf 84' lang='lat' dir='ltr'>J</span> <span class='ocrx_word' id='word_1_361' title='bbox 1044 2424 1147 2464; x_wconf 90' lang='lat' dir='ltr'>unii.</span> 
     </span>
     <span class='ocr_line' id='line_1_39' title="bbox 223 2481 1394 2537; baseline -0.002 -14"><span class='ocrx_word' id='word_1_362' title='bbox 223 2483 304 2524; x_wconf 90' lang='lat' dir='ltr'>Per</span> <span class='ocrx_word' id='word_1_363' title='bbox 324 2483 578 2537; x_wconf 88' lang='lat' dir='ltr'>petitionem</span> <span class='ocrx_word' id='word_1_364' title='bbox 600 2483 652 2524; x_wconf 90' lang='lat' dir='ltr'>de</span> <span class='ocrx_word' id='word_1_365' title='bbox 674 2482 786 2524; x_wconf 89' lang='lat' dir='ltr'>cons&#39;</span> <span class='ocrx_word' id='word_1_366' title='bbox 809 2487 852 2524; x_wconf 93' lang='lat' dir='ltr'>et</span> <span class='ocrx_word' id='word_1_367' title='bbox 874 2483 1004 2523; x_wconf 88' lang='lat' dir='ltr'>finem</span> <span class='ocrx_word' id='word_1_368' title='bbox 1025 2481 1212 2523; x_wconf 84' lang='lat' dir='ltr'>dimidiae</span> <span class='ocrx_word' id='word_1_369' title='bbox 1232 2495 1394 2522; x_wconf 66' lang='lat' dir='ltr'>marcze.</span> 
     </span>
    </p>
   </div>
   <div class='ocr_carea' id='block_1_3' title="bbox 160 2653 1674 2941">
    <p class='ocr_par' dir='ltr' id='par_1_3' title="bbox 160 2653 1674 2941">
     <span class='ocr_line' id='line_1_40' title="bbox 191 2653 1672 2739; baseline -0.003 -41"><span class='ocrx_word' id='word_1_370' title='bbox 191 2714 206 2739; x_wconf 56' lang='lat' dir='ltr'>t</span> <span class='ocrx_word' id='word_1_371' title='bbox 220 2656 540 2698; x_wconf 86' lang='lat' dir='ltr'>CCCLXXIII.</span> <span class='ocrx_word' id='word_1_372' title='bbox 563 2657 645 2697; x_wconf 90' lang='lat' dir='ltr'>Pro</span> <span class='ocrx_word' id='word_1_373' title='bbox 658 2656 828 2697; x_wconf 90' lang='lat' dir='ltr'>Abbate</span> <span class='ocrx_word' id='word_1_374' title='bbox 843 2655 894 2696; x_wconf 86' lang='lat' dir='ltr'>de</span> <span class='ocrx_word' id='word_1_375' title='bbox 909 2655 1100 2696; x_wconf 82' lang='lat' dir='ltr'>Rievalle</span> <span class='ocrx_word' id='word_1_376' title='bbox 1115 2655 1289 2711; x_wconf 83' lang='lat' dir='ltr'>[Patent</span> <span class='ocrx_word' id='word_1_377' title='bbox 1303 2654 1434 2702; x_wconf 80' lang='lat' dir='ltr'>Rolls,</span> <span class='ocrx_word' id='word_1_378' title='bbox 1451 2657 1472 2693; x_wconf 83' lang='lat'><strong>3</strong></span> <span class='ocrx_word' id='word_1_379' title='bbox 1490 2653 1609 2694; x_wconf 81' lang='lat' dir='ltr'>Rich.</span> <span class='ocrx_word' id='word_1_380' title='bbox 1628 2663 1672 2694; x_wconf 88' lang='grc' dir='ltr'>ΙΙ.</span> 
     </span>
     <span class='ocr_line' id='line_1_41' title="bbox 160 2714 1674 2826; baseline -0.003 -13"><span class='ocrx_word' id='word_1_381' title='bbox 160 2714 550 2813; x_wconf 45' lang='lat' dir='ltr'>P·1{&#39;33{11·O{1?1]1-ibus</span> <span class='ocrx_word' id='word_1_382' title='bbox 590 2772 644 2813; x_wconf 89' lang='lat' dir='ltr'>ad</span> <span class='ocrx_word' id='word_1_383' title='bbox 684 2785 790 2826; x_wconf 92' lang='lat' dir='ltr'>quos</span> <span class='ocrx_word' id='word_1_384' title='bbox 827 2804 835 2812; x_wconf 92' lang='lat'><strong>.</strong></span> <span class='ocrx_word' id='word_1_385' title='bbox 872 2804 880 2811; x_wconf 94' lang='lat'>.</span> <span class='ocrx_word' id='word_1_386' title='bbox 918 2804 925 2811; x_wconf 95' lang='lat'>.</span> <span class='ocrx_word' id='word_1_387' title='bbox 965 2771 1239 2825; x_wconf 88' lang='lat' dir='ltr'>Inspeximus</span> <span class='ocrx_word' id='word_1_388' title='bbox 1290 2776 1450 2810; x_wconf 82' lang='lat' dir='ltr'>cartam</span> <span class='ocrx_word' id='word_1_389' title='bbox 1495 2768 1674 2809; x_wconf 88' lang='lat' dir='ltr'>Domini</span> 
     </span>
     <span class='ocr_line' id='line_1_42' title="bbox 162 2826 1673 2884; baseline -0.003 -13"><span class='ocrx_word' id='word_1_390' title='bbox 162 2830 373 2880; x_wconf 83' lang='lat' dir='ltr'>Edwardi,</span> <span class='ocrx_word' id='word_1_391' title='bbox 408 2844 544 2884; x_wconf 90' lang='lat' dir='ltr'>nuper</span> <span class='ocrx_word' id='word_1_392' title='bbox 583 2830 709 2884; x_wconf 85' lang='lat' dir='ltr'>Regis</span> <span class='ocrx_word' id='word_1_393' title='bbox 748 2828 929 2882; x_wconf 83' lang='lat' dir='ltr'>Angliae,</span> <span class='ocrx_word' id='word_1_394' title='bbox 962 2830 1032 2869; x_wconf 88' lang='lat' dir='ltr'>avi</span> <span class='ocrx_word' id='word_1_395' title='bbox 1067 2828 1214 2878; x_wconf 84' lang='lat' dir='ltr'>nostri,</span> <span class='ocrx_word' id='word_1_396' title='bbox 1246 2828 1291 2867; x_wconf 90' lang='lat' dir='ltr'>in</span> <span class='ocrx_word' id='word_1_397' title='bbox 1331 2827 1421 2867; x_wconf 82' lang='lat' dir='ltr'>haec</span> <span class='ocrx_word' id='word_1_398' title='bbox 1461 2826 1588 2867; x_wconf 87' lang='lat' dir='ltr'>verba</span> <span class='ocrx_word' id='word_1_399' title='bbox 1605 2842 1673 2867; x_wconf 90' lang='lat'>:—</span> 
     </span>
     <span class='ocr_line' id='line_1_43' title="bbox 162 2883 1672 2941; baseline -0.004 -12"><span class='ocrx_word' id='word_1_400' title='bbox 162 2888 408 2936; x_wconf 84' lang='lat' dir='ltr'>Edwardus‚</span> <span class='ocrx_word' id='word_1_401' title='bbox 425 2889 476 2928; x_wconf 90' lang='lat' dir='ltr'>D.</span> <span class='ocrx_word' id='word_1_402' title='bbox 493 2888 540 2929; x_wconf 84' lang='lat' dir='ltr'>G.</span> <span class='ocrx_word' id='word_1_403' title='bbox 560 2888 651 2929; x_wconf 85' lang='lat' dir='ltr'>Rex</span> <span class='ocrx_word' id='word_1_404' title='bbox 668 2887 876 2941; x_wconf 63' lang='lat' dir='ltr'>Angli-ee„</span> <span class='ocrx_word' id='word_1_405' title='bbox 906 2920 913 2927; x_wconf 90' lang='lat'><strong>.</strong></span> <span class='ocrx_word' id='word_1_406' title='bbox 942 2920 948 2927; x_wconf 93' lang='lat'>.</span> <span class='ocrx_word' id='word_1_407' title='bbox 984 2886 1333 2940; x_wconf 80' lang='lat' dir='ltr'>Archiepiscopis,</span> <span class='ocrx_word' id='word_1_408' title='bbox 1363 2918 1369 2925; x_wconf 92' lang='lat'><strong>.</strong></span> <span class='ocrx_word' id='word_1_409' title='bbox 1399 2918 1406 2925; x_wconf 91' lang='lat'><strong><em>.</em></strong></span> <span class='ocrx_word' id='word_1_410' title='bbox 1440 2918 1446 2924; x_wconf 93' lang='lat'><em>.</em></span> <span class='ocrx_word' id='word_1_411' title='bbox 1480 2883 1672 2925; x_wconf 78' lang='lat' dir='ltr'>salutem.</span> 
     </span>
    </p>
   </div>
  </div>
 </body>
</html>
