2033 3242
351 244 431 283 190
782 249 1097 281 CARTULARIUM
1117 248 1424 280 RIEVALLENSE.

348 358 508 411 absque
531 356 678 398 ordine
694 355 921 409 judiciario
942 353 1192 408 spoliantur,
1207 367 1334 408 super
1349 367 1433 407 quo
1454 353 1604 408 utique
1619 352 1863 407 indempni-

347 415 429 456 tati
449 429 607 464 eorum,
629 414 740 455 sicut
760 413 975 461 debemus,
996 411 1217 465 cupientes
1247 411 1413 452 utiliter
1443 425 1690 465 praecavere,
1711 411 1860 451 frater-

349 473 478 514 nitati
517 476 668 514 vestrae
708 485 783 525 per
822 469 1071 524 Apostolica
1110 469 1268 522 scripta
1307 469 1560 510 mandamus
1590 469 1794 524 quatinus
1826 468 1863 509 si

349 533 633 572 memoratum
671 529 885 570 Abbatem
916 532 959 569 et
988 527 1139 568 fratres
1171 526 1316 581 aliqua
1344 527 1659 580 possessionum
1688 539 1864 568 suarum

350 588 598 643 praescripto
647 586 772 627 modo
822 598 897 639 per
937 583 1174 639 quemlibet
1212 584 1587 638 parrochianorum
1626 589 1863 626 vestrorum

352 646 553 700 spoliatos
584 658 675 686 esse
703 642 954 692 constiterit,
983 655 1059 683 vos
1085 642 1357 696 spoliatorem
1387 642 1441 683 ad
1472 643 1564 696 ejus
1594 647 1694 684 ante
1725 655 1863 683 causae

350 704 589 758 ingressum
627 701 956 750 restitutionem,
986 700 1105 741 omni
1139 700 1472 741 contradictione
1502 705 1545 741 et
1575 700 1864 755 appellatione

350 765 523 809 10111013,
554 760 634 801 sub
665 759 949 800 anathematis
981 758 1247 799 distlictione
1287 758 1458 813 cogatis,
1490 762 1534 799 et
1572 760 1618 799 in
1658 758 1725 799 his
1767 771 1864 799 exe-

351 818 533 873 quendis
555 818 617 859 ita
638 817 864 872 diligentes
886 820 929 858 et
950 815 1124 857 solliciti
1145 815 1240 857 sitis
1261 815 1377 870 quod
1397 816 1698 869 praenominati
1717 815 1866 856 Abbas

350 881 394 918 et
423 877 574 917 fratres
610 876 708 929 jura
738 889 815 916 sua
854 877 1108 916 conservent
1147 873 1292 923 illaesa,
1322 878 1366 915 et
1405 887 1482 914 nos
1524 874 1861 915 sollicitudinem

351 938 538 975 vestram
558 937 782 975 teneamur
802 932 956 974 exinde
987 931 1236 986 diligentius
1266 931 1314 972 in
1343 931 1530 973 Domino
1561 932 1866 973 commendare.

352 993 517 1033 Datum
539 991 788 1040 Beneventi,
809 991 858 1031 iii
879 990 985 1031 Idus
1007 990 1276 1032 Novembris.

131 1125 318 1156 snnnarpre-
415 1107 600 1150 OCLIV.
643 1107 807 1161 Rogero
847 1105 1181 1160 Archiepiscopo
1221 1105 1346 1147 Ebor.
1387 1109 1431 1146 et
1460 1104 1637 1159 Hugoni
1667 1103 1869 1145 Dunelm.

133 1159 318 1217 {fisstsffifft
356 1167 579 1221 Episcopo,
610 1164 857 1206 Alexander
891 1164 1180 1218 Episcopus..
1295 1163 1624 1204 Venerabilibus
1655 1162 1871 1211 fiatribus,

135 1226 284 1251 the-*ame-
359 1226 533 1279 Rogero,
554 1223 677 1264 Ebor.
710 1222 1054 1276 Archiepiscopo,
1077 1226 1120 1263 et
1150 1220 1339 1275 Hugoni,
1359 1220 1561 1262 Dunelm.
1583 1221 1806 1275 Episcopo,
1828 1223 1872 1260 et

359 1282 526 1323 dilectis
547 1281 659 1330 filiis,
680 1280 1005 1321 Archidiaconis
1028 1285 1070 1320 et
1094 1279 1314 1320 Decanis
1302 1292 1349 1319 111
1380 1292 1526 1320 eorum
1556 1278 1871 1333 episcopatibus

359 1339 603 1381 constitutis
635 1372 643 1380 .
675 1338 860 1380 ..Paci
880 1342 922 1378 et
943 1337 1078 1391 quieti
1099 1337 1410 1392 Religiosorum
1430 1336 1619 1378 virorum
1640 1336 1872 1384 intendere,

359 1403 401 1439 et
419 1411 563 1439 eorum
580 1397 676 1451 jura
692 1371 858 1449 integra
874 1399 916 1436 et
932 1395 1099 1436 illibata
1115 1409 1292 1446 servare,
1308 1395 1496 1436 officium
1511 1408 1588 1435 nos
1605 1394 1763 1434 invitat
1784 1406 1871 1434 sus-

360 1455 473 1509 cepti
486 1454 705 1509 regiminis
722 1458 764 1494 et
777 1453 971 1494 debitum
985 1457 1200 1494 ammonet
1213 1453 1397 1507 pietatis.
1432 1452 1541 1494 Inde
1555 1455 1620 1493 est
1632 1452 1746 1506 quod
1760 1456 1871 1492 tran-

360 1513 569 1567 quillitati
599 1512 852 1553 dilectorum
877 1511 1062 1552 filiorum
1094 1511 1216 1565 [162]
1248 1515 1502 1560 nostrorum,
1523 1511 1705 1551 fratrum
1733 1509 1872 1557 videl„

361 1570 646 1612 Rievallensis
682 1569 946 1618 Μο1135130111,
968 1569 1134 1610 utiliter
1163 1568 1386 1634 providere
1416 1568 1620 1617 volentes,
1649 1580 1725 1622 per
1754 1567 1870 1621 Apo-

361 1629 511 1670 stolica
524 1628 645 1669 vobis
667 1628 826 1681 scripta
846 1627 1098 1667 mandamus
1120 1627 1335 1680 quatinus,
1351 1627 1389 1667 si
1405 1627 1481 1680 qui
1497 1625 1870 1680 parrochianorum

359 1690 597 1728 vestrorum
614 1686 712 1739 ι11113
732 1690 775 1726 01
794 1685 1080 1739 possessiones
1108 1684 1298 1738 ipsorum
1317 1684 1519 1725 invadere
1550 1688 1594 1725 et
1623 1683 1872 1737 perturbare

357 1743 719 1798 praesumpserint,
740 1756 810 1784 eos
842 1743 895 1783 ad
925 1742 1241 1783 restitutionem
1273 1746 1316 1783 et
1347 1742 1684 1783 satisfactionem
1715 1740 1870 1782 exinde

358 1802 610 1850 faciendam,
630 1800 701 1842 vel
722 1801 775 1841 ad
796 1800 969 1854 plenam
995 1800 1212 1854 justitiam
1233 1800 1532 1849 exhibendam,
1553 1799 1666 1840 infra
1695 1799 1873 1852 triginta

359 1861 449 1901 dies
479 1864 708 1913 postquam
748 1858 922 1912 querela
951 1858 1052 1898 inde
1085 1858 1138 1899 ad
1168 1871 1244 1899 vos
1286 1858 1542 1911 pervenerit,
1572 1857 1800 1898 convenire
1830 1860 1875 1897 et

359 1918 720 1960 commonefacere
751 1916 972 1966 studeatiS,
993 1916 1064 1957 vel
1084 1916 1198 1969 ipsos
1220 1929 1273 1956 ex
1294 1921 1398 1956 tunc
1419 1913 1874 1957 excommunicationis

358 1975 532 2016 vinculo
553 1974 782 2017 innodetis.
842 1975 1007 2014 Datum
1027 1974 1248 2028 Anagniae,
1270 1974 1365 2014 viiii
1384 1973 1469 2014 kal.
1492 1972 1753 2014 Decembris.

142 2110 261 2141 Bnnby
421 2100 581 2141 CCLV.
615 2110 757 2140 CCXIX.
788 2098 1035 2140 Alexander
1065 2098 1315 2153 Episcopus,
1347 2097 1514 2139 dilectis
1545 2097 1656 2148 filiis,
1689 2097 1878 2146 Ailredo,

139 2143 316 2203 gffiffffiiiffx‘
363 2158 536 2206 Abbati,
553 2162 595 2198 et
615 2157 819 2197 fratribus
841 2156 1125 2197 Rievallensis
1147 2155 1412 2197 Monasterii.
1474 2157 1504 2198 J
1507 2156 1615 2197 ustis
1636 2155 1877 2210 petentium

143 2211 300 2277 {Jssssfflffng
365 2215 587 2256 desideriis
627 2215 796 2256 facilem
826 2228 904 2255 nos
935 2214 1136 2255 convenit
1165 2214 1378 2267 impertiri
1408 2227 1675 2262 consensum,
1705 2217 1749 2254 et
1778 2218 1878 2253 vota

143 2277 338 2344 ἓῑγοξιξξῐῐέξὲξε
366 2286 461 2327 quae
482 2287 507 2313 a
526 2273 703 2313 rationis
724 2273 895 2313 tramite
917 2286 1003 2313 non
1025 2272 1269 2313 discordant
1289 2272 1443 2313 effectu
1475 2272 1563 2312 sint
1592 2275 1878 2325 prosequente

144 2347 243 2377 osany
255 2345 339 2370 other
367 2330 627 2384 complenda.
688 2331 936 2384 Eapropter‚
968 2330 1115 2371 dilecti
1154 2330 1200 2370 in
1230 2329 1417 2370 Domino
1448 2330 1539 2379 filii,
1572 2329 1722 2370 vestris
1749 2329 1878 2382 justis

145 2379 341 2444 ξῖἷέῗξῑζῗῖξζὲ,
367 2388 726 2443 postulationibus
776 2388 956 2429 celerem
1005 2388 1298 2441 impertientes
1347 2401 1580 2437 assensum,
1624 2387 1878 2428 auctoritate

143 2447 317 2505 ἓξὲξ-0,
367 2445 617 2500 Apostolica
636 2446 880 2487 inhibemus
900 2451 949 2486 ut
977 2446 1088 2486 nulli
1118 2445 1292 2486 alterius
1324 2445 1498 2486 Ordinis
1529 2445 1678 2485 fratres
1709 2445 1755 2485 in
1785 2457 1878 2497 pas-

146 2513 296 2539 Rievaulx-
367 2508 486 2544 turas
536 2508 579 2544 et
628 2504 913 2557 possessiones
954 2508 1115 2544 vestras
1165 2503 1387 2544 temeraria
1426 2503 1715 2557 usurpatione,
1755 2501 1877 2542 vobis

368 2561 529 2610 invitis,
560 2562 717 2601 intrare
748 2566 1019 2614 pnusumant,
1050 2575 1104 2602 ne
1138 2575 1214 2615 per
1254 2574 1398 2602 eorum
1438 2560 1679 2601 molestiam
1714 2573 1798 2613 pax
1834 2563 1878 2599 et

368 2619 489 2673 quies
529 2622 671 2660 vestra
710 2618 862 2660 debeat
901 2619 1149 2673 perturbari.
1210 2619 1374 2659 Datum
1413 2618 1633 2672 Anaguiae,
1664 2617 1757 2658 viiii
1791 2616 1875 2657 kal.

368 2676 628 2718 Decembris.

148 2811 269 2843 Buuby
429 2792 613 2834 CCLVI.
638 2801 759 2832 ccxx.
783 2790 925 2846 [162b]
949 2791 1195 2833 Alexander
1225 2824 1235 2834 .
1269 2823 1277 2832 .
1308 2824 1317 2832 .
1350 2791 1512 2845 Rogero
1534 2790 1878 2844 Archiepiscopo‚

145 2845 340 2904 ᾆξ’ξξῂξῗῗζο
369 2849 629 2904 Apostolicae
660 2849 780 2890 Sedis
811 2849 979 2903 Legato,
1011 2853 1053 2890 et
1084 2849 1272 2903 Hugoni,
1302 2849 1502 2890 Dunelm.
1534 2849 1753 2902 Episcopo
1786 2880 1795 2890 .
1826 2880 1835 2888 .
1868 2879 1877 2889 .

146 2913 330 2945 Archbishov
369 2908 438 2948 Ad
470 2912 620 2949 vestrae
652 2907 920 2948 discretionis
952 2907 1150 2948 notitiam
1172 2907 1370 2948 volumus
1401 2906 1623 2960 pervenire
1654 2905 1766 2960 quod
1799 2918 1876 2946 nos
